2714 4710
625 312 816 356 palarmo.
860 319 862 323 '
1238 317 1261 357 V

131 466 242 526 lissima
266 466 346 524 ultro
372 467 503 524 oblatam
528 473 558 523 et
581 467 702 524 missam
726 483 780 541 per
801 471 896 524 totum
916 473 1042 543 tempus,
1069 468 1179 543 quoin
1201 467 1261 527 illis

130 576 214 636 libris
227 576 413 634 recensendis
429 576 580 648 versabar,
596 576 736 642 utendam
751 577 904 635 concessit.
933 574 1000 649 Quo
1015 577 1145 636 subsidio
1160 578 1260 636 critico

131 692 276 760 quantum
289 685 476 761 potissimum
494 685 524 742 in
545 705 578 743 re
597 686 823 760 orthographica
837 679 956 744 adiutus
971 672 1090 758 fuerim,
1114 685 1193 745 inira
1207 706 1261 746 ex·

130 800 271 870 ponatur,
298 795 349 852 ubi
372 795 450 852 hanc
473 794 648 865 recensionis
667 813 748 852 meae
769 803 884 870 partem
909 796 1030 854 uberius
1055 798 1257 871 pertractabo;

131 904 255 963 lectores
275 922 346 962 vero
366 912 488 978 rogatos
502 903 581 977 volo,
601 923 638 962 ne
657 905 750 963 sicubi
771 904 909 963 lectiones
930 923 1009 963 nnnc
1028 925 1047 963 a
1065 924 1112 964 me
1131 918 1258 965 comme·

132 1020 264 1072 moratas
289 1012 318 1072 a¹
332 1013 488 1073 collatione
512 1014 566 1071 illa
590 1015 668 1092 typis
692 1015 836 1091 impressa
861 1014 1059 1092 discrepantes
1087 1015 1260 1089 invenerint,

131 1124 189 1182 hoo
202 1125 396 1200 negligentiae
409 1144 491 1183 meae
510 1125 656 1195 tribuant,
677 1123 787 1182 iactum
809 1133 855 1182 est
874 1124 931 1182 hoc
951 1143 1017 1184 cum
1040 1143 1156 1185 summo
1169 1124 1261 1183 Plinii

131 1234 286 1292 commodo
304 1253 357 1308 per
377 1234 535 1292 secundam
555 1233 638 1292 Iani
658 1231 822 1293 lectionem.

174 1340 278 1401 Codex
296 1343 449 1402 Leidensis
469 1337 528 1423 (A)
549 1344 625 1401 inter
645 1341 811 1406 Vossianos
831 1343 898 1402 Fol.
917 1363 964 1402 nr.
984 1339 1015 1402 4.
1036 1351 1166 1414 notatus,
1189 1342 1261 1400 scri·

131 1460 202 1528 ptus
224 1460 269 1511 est
288 1453 320 1510 in
338 1440 415 1510 foliis
435 1452 666 1511 membranaceis
684 1451 797 1510 formae
817 1454 946 1524 maioris,
968 1454 1084 1511 duabus
1106 1446 1260 1522 columnis,

129 1562 237 1620 littaris
259 1561 425 1634 saxonicis,
444 1561 575 1634 'macula
596 1567 630 1620 nt
650 1560 807 1620 Iacobus
829 1559 984 1620 Geelius
1003 1562 1126 1633 iudicat,
1152 1560 1262 1619 arbiter

132 1673 241 1731 harum
254 1669 574 1747 rernm‘psritissimus,
588 1671 647 1728 IX.
663 1670 711 1728 vel
725 1670 767 1728 X.
790 1661 858 1728 Hoc
876 1670 940 1746 ipso
954 1670 1018 1728 viro
1039 1669 1156 1744 egregio
1169 1669 1262 1725 inter·

134 1780 258 1838 cedente
291 1780 511 1839 accuratissime
547 1797 614 1837 enm
648 1796 716 1837 cum
744 1779 837 1853 priori
864 1765 1012 1836 Harduini
1039 1770 1165 1834 editione
1193 1777 1263 1834 anni

134 1887 389 1948 MDCLXXXV.
405 1890 530 1947 contulit
543 1887 579 1947 B.
594 1889 635 1947 A.
650 1887 775 1947 Nauta
790 1888 917 1948 Senecae
937 1882 1046 1946 libellis
1067 1887 1181 1963 aliquot
1199 1886 1261 1944 edi·

133 1999 172 2056 tis
192 1998 301 2070 clarus,
323 1999 408 2057 brevi
426 2007 494 2073 post
514 1997 696 2056 collationem
717 1998 805 2056 huius
824 2004 854 2055 et
873 1998 1021 2073 sequentis
1040 1996 1145 2055 codicis
1160 1996 1198 2054 ad
1211 2013 1260 2054 me

130 2109 337 2166 transmissam
352 2109 436 2166 bonis
450 2109 557 2166 litteris
571 2109 729 2169 immatura
743 2117 838 2166 morte
860 2117 988 2184 ereptus.
1016 2104 1106 2165 Liber
1126 2100 1195 2165 anta
1212 2123 1261 2163 me

131 2216 192 2274 iam
206 2219 244 2275 ab
257 2217 361 2275 Isaaco
375 2217 483 2276 Vossio
498 2217 537 2274 ad
551 2218 748 2294 Pomponium
762 2216 875 2275 Melam
890 2217 998 2292 passim
1012 2216 1151 2274 laudatus
1165 2233 1261 2292 panca

130 2324 247 2384 tantum
261 2325 427 2401 fragmenta
447 2327 537 2384 totins
558 2328 659 2402 operis.
670 2327 798 2384 continet
813 2323 857 2401 (2.
874 2330 889 2395 5
906 2322 967 2385 196
982 2373 1024 2385 ..
1039 2320 1069 2384 3.
1085 2321 1179 2396 5115,
1194 2333 1260 2383 tum

129 2431 162 2506 3,
179 2431 219 2493 92
236 2482 276 2493 ..
295 2431 328 2506 4,,
344 2430 405 2507 75,
424 2454 513 2511 porro
528 2431 558 2507 4,
575 2430 753 2506 86-107,
769 2435 871 2492 deinde
886 2431 918 2506 4,
936 2431 996 2493 117
1012 2483 1055 2494 ..
1075 2429 1104 2507 5,
1121 2429 1184 2507 25,
1206 2451 1259 2511 po·

128 2552 240 2603 strumo
256 2539 287 2614 5,
303 2539 364 2603 125
380 2593 421 2603 ..
442 2540 472 2616 6,
490 2539 569 2624 51.),
592 2545 672 2619 qnod
691 2564 726 2603 eo
748 2545 844 2619 magis
859 2544 1028 2616 dolendum,
1049 2562 1108 2620 quo
1130 2545 1259 2603 maiores

130 2661 202 2713 sunt
221 2654 306 2712 dotes
325 2654 391 2711 hbri
408 2654 496 2713 buius
518 2626 638 2729 egregii,
661 2654 709 2712 cui
728 2661 796 2729 post
808 2654 918 2713 librum
932 2653 1178 2731 Bambcrgensem
1193 2656 1258 2730 pri·

128 2783 196 2822 mas
214 2764 290 2822 inter
315 2764 444 2838 reliquos
470 2765 584 2822 codices
604 2762 758 2822 Plinianos
783 2773 883 2840 partes
909 2765 1037 2824 tribuere
1060 2782 1120 2822 non
1145 2766 1258 2824 dubito.

128 2872 263 2931 Debetur
282 2871 402 2930 librario
420 2886 542 2949 prorsus
562 2873 699 2944 indocto,
724 2876 804 2949 quod
829 2875 934 2932 infiniti
953 2893 1067 2932 errores
1088 2876 1184 2933 omnis
1209 2893 1258 2951 ge-

128 2982 211 3040 neris
230 2988 389 3052 testantur,
405 2981 467 3040 'sed
485 2982 648 3056 descriptus
670 2989 716 3039 est
735 2983 772 3039 ab
794 2983 897 3039 eodem
917 2982 1034 3039 homine
1053 2999 1170 3038 summa
1191 3000 1259 3040 cum

129 3091 191 3150 fide
214 3098 244 3148 et
267 3091 408 3165 religione
433 3110 470 3149 ex
494 3089 652 3167 archetypo
678 3090 807 3164 egregio,
832 3098 862 3147 et
883 3108 950 3147 cum
967 3090 1122 3166 permultis
1142 3090 1207 3148 aliis
1228 3092 1260 3150 in

129 3200 205 3258 locis
225 3208 278 3258 aut
296 3200 377 3259 solus
396 3207 449 3257 aut
468 3218 534 3257 cum
558 3199 661 3256 ceteris
676 3197 760 3255 bonis
774 3197 857 3256 libris
873 3199 1042 3276 conspirans
1057 3201 1153 3275 ipsam
1167 3199 1259 3259 Plinii

129 3328 252 3369 manum
265 3311 376 3387 prodit,
399 3317 463 3367 tum
481 3309 511 3366 in
525 3308 692 3366 nominibus
711 3286 914 3384 geographicis
933 3309 1091 3384 singularis
1112 3320 1158 3369 est
1176 3311 1259 3369 boni-

129 3421 212 3479 tatis.
245 3418 285 3477 Et
313 3439 380 3478 cum
404 3420 476 3477 haec
500 3419 565 3494 ipsa
589 3419 708 3476 nomina
731 3418 762 3475 in
789 3417 915 3476 editione
935 3417 1163 3497 Dalecampiana
1188 3420 1259 3479 mihi

128 3546 247 3604 semper
262 3524 279 3608 β
293 3537 404 3599 notata,
426 3528 505 3586 unde
525 3533 637 3585 ceterae
652 3527 690 3584 ad
711 3536 845 3585 nostrum
859 3529 934 3586 diem
954 3530 1096 3587 editiones
1116 3531 1258 3605 originem

127 3657 217 3696 suam
231 3639 388 3709 duxerunt,
409 3643 461 3695 aut
480 3656 535 3712 ope
553 3639 698 3696 bonorum
713 3639 845 3695 codicum
859 3647 911 3696 aut
925 3639 1094 3696 coniecturis
1108 3639 1259 3698 hominum

126 3746 283 3806 domorum
303 3748 416 3806 dudum
435 3753 532 3805 essent
552 3747 721 3817 emendata,
746 3747 852 3823 reliqui
871 3756 970 3805 autem
989 3749 1047 3804 mei
1065 3746 1151 3820 libri,
1178 3757 1208 3806 et
1227 3749 1259 3807 in

126 3858 176 3915 his
191 3859 240 3916 vel
252 3857 466 3916 Riccardianus
482 3850 552 3936 (R),
575 3857 734 3915 deteriores
755 3857 786 3913 in
806 3856 842 3913 iis
861 3856 1001 3915 lectiones
1015 3856 1189 3933 proferrent,
1211 3858 1259 3917 hic

126 3975 232 4026 noster
246 3968 339 4027 codex
352 3967 385 4025 A
398 3968 460 4026 fere
475 3983 590 4041 semper
604 3965 688 4024 bonis
701 3965 762 4025 illis
776 3964 948 4023 lectionibus
969 3967 1159 4043 suffragatur,
1181 3970 1258 4028 unde

127 4077 169 4135 de
189 4079 284 4154 pretio
305 4086 467 4137 ceterarum
489 4059 810 4135 bonarum'lectionum
828 4075 966 4134 iudicium
987 4077 1066 4134 haud
1087 4079 1257 4154 ambiguum

128 4185 203 4247 ferri
223 4194 330 4264 potest.
358 4186 416 4260 Ita,
436 4193 471 4245 ut
490 4187 548 4245 duo
567 4193 680 4244 tantum
702 4184 763 4244 eius
782 4187 980 4262 praestantiae
997 4188 1133 4265 exempla
1146 4188 1257 4264 produ-
