2714 4710
63 299 67 309 ’
115 306 198 348 XXVI
575 302 764 348 Pmrsrio.

637 376 642 404 ι

156 457 280 516 Minoris
293 474 349 531 ego
362 457 448 533 pretii
460 456 555 516 habeo
568 459 700 516 codicem
710 446 968 529 Salmantioeaem
983 457 1035 532 qui
1047 456 1112 516 XV
1124 458 1244 535 priores

114 568 205 649 libros
219 544 370 626 continens
382 585 401 624 a
413 565 567 639 Piniano,
588 568 640 642 qui
658 568 688 626 in
707 567 960 625 observationibus
973 565 1033 624 suis
1047 584 1124 625 anno
1140 561 1236 626 1544.

114 676 199 735 editis
213 676 314 753 plures
328 695 367 734 ex
379 693 414 734 eo
427 675 508 734 locos
523 677 682 752 excerpsit,
697 674 853 735 semiustus
867 675 1043 752 appelletur.
1065 673 1155 734 Certe
1168 693 1238 734 eum

114 786 269 858 Toletano,
284 785 367 844 euius
377 783 534 860 scripturas
544 782 699 842 Pintienus
713 786 886 860 plerumque
897 784 986 844 simul
995 785 1144 861 opposuit,
1158 802 1237 844 eom·

113 895 212 972 pareri
224 895 334 969 nequit.

155 1001 303 1061 Pauciora
318 1004 407 1061 etiem
421 1003 459 1060 de
472 1003 509 1060 iis
524 1003 671 1061 codicibus
682 1003 793 1061 narrari
802 1008 937 1078 possunt,
951 1002 1060 1077 quibus
1070 1003 1238 1061 Massurius

112 1112 144 1169 in
158 1111 444 1170 commentariolibri
456 1111 515 1170 IX.
530 1112 673 1170 naturalis
687 1111 825 1170 historiae
836 1110 972 1170 Basileoe
987 1106 1079 1171 1537.
1094 1118 1141 1168 est
1153 1127 1237 1170 usus.

113 1220 218 1280 Unum
230 1237 332 1278 eorum
344 1221 383 1278 ed
397 1238 423 1279 o.
437 1216 469 1280 8.
485 1224 500 1290 6
515 1217 565 1278 21.
579 1221 643 1295 ipse
657 1219 725 1279 dicit
743 1220 994 1292 vetustissimum,
1015 1229 1046 1279 et
1064 1221 1097 1278 in
1114 1220 1236 1278 univer·

113 1346 178 1386 sum
193 1346 261 1387 cum
274 1329 445 1387 melioribus
459 1329 542 1387 libris
555 1328 677 1387 iaciunt.

155 1437 273 1496 Horum
286 1438 416 1495 omnium
432 1439 564 1495 virorum
578 1438 731 1496 doctorum
741 1456 832 1514 opera
842 1439 894 1512 qui
902 1438 934 1496 in
944 1438 1070 1496 editione
1082 1454 1137 1495 sua
1149 1437 1236 1506 ador·

113 1546 212 1605 nanda
226 1547 310 1620 qussi
322 1545 500 1604 hereditario
513 1546 576 1605 iure
592 1564 664 1604 usus
678 1553 723 1604 est
736 1548 856 1606 Iacobus
869 1546 1087 1622 Doleeompius‚
1105 1544 1237 1603 medicus

112 1656 155 1714 rei
168 1657 330 1726 herbariae,
341 1664 376 1713 ut
386 1653 581 1715 Schneiderus
591 1656 783 1715 adNieandri
791 1656 955 1731 fragmenta
965 1675 995 1732 p.
1007 1648 1081 1725 295,
1092 1648 1144 1712 31.
1155 1652 1236 1713 iudi·

113 1772 170 1839 oet
186 1766 317 1842 apprime
332 1765 442 1840 peritus
457 1785 551 1841 neque
564 1767 596 1824 in
611 1764 848 1825 misissetitande
857 1767 935 1824 bono
948 1765 1054 1823 iudicio
1068 1762 1236 1834 destitutus,

112 1875 186 1934 adeo
200 1881 234 1932 ut
247 1875 272 1932 I.
288 1874 314 1931 I.
330 1872 461 1949 Scaliger
473 1875 503 1932 in
519 1872 714 1952 Scaligerauis
727 1895 757 1952 p.
774 1873 846 1934 317.
861 1874 1012 1934 meliorem
1025 1873 1116 1932 Plinii
1133 1873 1237 1932 editio·

112 2001 180 2042 nem
194 1982 245 2040 vix
258 1981 323 2047 dari
339 1999 426 2059 posse
439 1982 591 2056 indiceret,
611 1985 699 2057 longe
712 1985 886 2058 iniquiorem
905 1985 943 2042 de
957 2002 992 2041 eo
1007 1982 1182 2041 sententiam
1194 1980 1237 2040 fe·

112 2090 383 2153 rente.Oasaubono
397 2093 435 2153 ad
450 2091 600 2168 Theophr.
617 2089 754 2152 Charact.
769 2112 799 2170 p.
816 2089 867 2152 14.
882 2091 1054 2164 ed.1⁴¹isch.,
1074 2091 1236 2150 Deleeam·

112 2203 179 2280 pius
193 2202 284 2276 igitur
298 2201 447 2276 margines
468 2201 603 2260 editionis
618 2219 689 2260 suae
703 2221 780 2261 anno
797 2197 890 2263 1587.
904 2202 934 2260 in
947 2202 1100 2277 publicum
1113 2201 1238 2262 ersIssee

111 2311 225 2386 ingenti
232 2311 419 2370 multitudine
426 2311 575 2370 variarum
581 2311 739 2370 lectionum
747 2313 887 2389 opplevit,
895 2329 971 2385 quae
977 2329 1044 2377 cum
1050 2311 1237 2370 coniecturae

112 2428 182 2480 sunt
191 2422 322 2480 virorum
331 2422 483 2480 doctorum
495 2426 526 2478 et
534 2419 676 2480 lectiones
686 2423 786 2481 variae
797 2421 929 2480 codicum
939 2429 1007 2479 ente
1012 2419 1236 2497 Delecempium

113 2549 132 2588 a
146 2530 216 2590 viris
228 2531 330 2603 doctis,
345 2532 388 2590 uti
398 2530 542 2603 Barbare,
553 2529 701 2604 Pintisuo,
713 2529 849 2601 Gelenio,
863 2537 1077 2606 excerptorum,
1088 2516 1152 2588 turn
1162 2548 1234 2606 pro·

112 2641 191 2698 lutee
205 2640 379 2699 eoodicibus
390 2643 428 2699 ab
438 2642 504 2718 ipso
514 2639 706 2717 Dalecempio
716 2642 844 2717 primum
854 2640 979 2698 collatis.
993 2638 1034 2697 Et
1043 2639 1094 2698 ille
1104 2639 1235 2713 quidem,

113 2749 157 2807 uti
170 2749 201 2806 in
215 2747 393 2824 praefatione
407 2749 542 2807 editionis
556 2757 755 2821 succretust,
776 2767 831 2807 sex
848 2750 962 2807 codices
980 2767 1077 2825 penna
1097 2754 1235 2806 exaratos

112 2858 151 2915 ed
170 2875 289 2914 manum
310 2856 422 2928 habuit,
440 2876 566 2932 querum
589 2860 793 2933 Obffetianum
811 2868 841 2917 et
861 2861 975 2918 Ouiocii
992 2859 1101 2917 librum
1119 2857 1152 2916 in
1167 2857 1236 2934 ipsa

113 2967 293 3046 praefatione
321 2967 499 3038 nominavit,
528 2967 657 3042 reliquos
682 2976 822 3043 quattuor
846 2969 955 3045 passim
979 2988 1033 3045 per
1056 2968 1147 3044 ipsius
1170 2968 1235 3026 edi-

113 3079 201 3137 tionis
221 3079 388 3150 decursum,
408 3077 453 3136 uti
471 3080 516 3136 Μ.
532 3078 699 3136 Peristense
713 3079 752 3136 ed
766 3076 856 3135 XVI.
874 3074 927 3136 42.
944 3082 959 3148 5
975 3073 1047 3136 223.
1060 3073 1146 3146 446
1159 3071 1234 3136 240.

113 3188 252 3247 XXXV.
272 3184 322 3247 10.
344 3191 359 3257 6
375 3183 426 3246 92.
446 3184 601 3245 XXXVI.
618 3182 668 3245 14.
684 3182 762 3256 694.
777 3182 829 3245 22.
845 3182 945 3265 6158.
962 3183 1034 3248 166.
1054 3181 1106 3246 25.
1129 3190 1144 3256 6
1160 3182 1234 3247 184.

115 3293 187 3357 185.
209 3292 280 3356 189.
307 3290 359 3354 26.
387 3299 402 3364 6
424 3291 496 3352 199.
514 3293 685 3354 XXXVII.
705 3291 735 3354 2.
763 3299 778 3365 6
798 3292 849 3355 14.
870 3291 922 3356 15.
944 3293 994 3356 10.
1020 3291 1144 3379 6157,
1172 3297 1238 3356 Vel.

112 3406 325 3464 Mediolanense
344 3404 383 3461 ed
403 3401 544 3461 XXXII.
566 3398 617 3461 10.
639 3400 753 3477 6141.,
771 3407 936 3467 Basileense
951 3407 990 3465 ad
1004 3404 1062 3464 IV.
1083 3401 1133 3491 12.
1149 3409 1166 3475 5
1180 3401 1234 3470 81.

112 3507 155 3574 V.
177 3507 229 3571 24.
251 3515 266 3581 6
286 3506 337 3571 85.
359 3506 410 3570 29.
432 3515 447 3581 6
469 3507 540 3570 111.
561 3507 633 3570 112.
655 3508 707 3572 30.
727 3517 742 3583 6
764 3510 834 3575 125.
855 3511 907 3574 31.
933 3509 1041 3585 6135.
1065 3510 1138 3574 137.
1153 3509 1233 3575 138.

115 3619 186 3683 140.
213 3618 265 3682 32.
292 3626 308 3713 5
328 3618 400 3681 147.
427 3620 484 3681 VI.
508 3616 537 3679 1.
561 3624 576 3690 5
602 3616 632 3679 1.
654 3617 684 3681 5.
706 3626 721 3692 5
748 3619 798 3682 17.
824 3621 854 3685 8.
874 3628 890 3694 6
909 3620 960 3684 23.
987 3621 1039 3684 10.
1064 3628 1080 3694 5
1101 3619 1153 3684 29.
1181 3619 1233 3683 13.

112 3727 194 3803 635.
217 3729 264 3793 16.
291 3727 373 3802 648.
393 3724 445 3790 25.
466 3734 480 3800 i
497 3725 569 3789 111.
589 3727 640 3789 27.
657 3726 759 3800 5130.
776 3729 827 3793 28.
850 3730 953 3804 5146.
970 3728 1130 3795 154155.
1147 3726 1232 3805 158..

112 3843 246 3902 menso
265 3835 312 3922 (r)
339 3843 378 3901 ad
397 3841 516 3900 ultimos
534 3840 719 3918 potissimum
732 3842 824 3902 Plinii
837 3844 938 3918 libros,
959 3845 1089 3904 fortasse
1107 3845 1234 3903 eundem

113 3970 180 4011 eum
193 3954 333 4013 Fosicusi
345 3970 364 4010 a
378 3949 530 4011 Gronovio
545 3952 623 4011 obss.
639 3948 670 4025 1,
685 3949 716 4012 4.
736 3954 775 4015 ed
789 3951 819 4012 2.
835 3958 850 4024 5
867 3950 939 4016 175.
962 3936 1189 4015 commemorato
1204 3962 1234 4012 et

111 4063 296 4122 hauddubie
311 4062 440 4122 Tolosae
454 4069 616 4134 asservato,
632 4063 732 4137 quain
746 4065 819 4124 urbe
833 4065 1038 4124 bibliothecam
1057 4065 1233 4124 Foxieusem

111 4171 203 4233 inisse
216 4171 293 4232 idem
307 4173 353 4233 vir
367 4191 498 4233 summus
512 4172 542 4232 in
557 4171 670 4252 sylloge
688 4173 907 4236 Burmanniana
924 4169 956 4235 3.
975 4194 1006 4254 p.
1026 4170 1077 4236 96.
1096 4183 1231 4236 testatur.
