2714 4710
397 295 467 344 um.
485 295 518 343 v.
548 297 625 344 cnr.
643 298 690 344 vr.
707 297 769 345 vn.
800 296 896 346 sacr.
912 301 930 343 o.
945 302 964 344 r.
1180 283 1241 346 849

113 472 175 516 nes
212 446 447 538 diligentissimi
483 448 667 514 existumati
704 449 744 514 ab
780 469 898 514 oceano
935 449 976 513 ad
1010 447 1241 538 Carthaginem

114 573 268 638 magnam
294 553 325 609 ῖι
350 573 375 614 Μ
402 571 571 636 passuum,
599 549 640 614 ab
667 571 705 613 eo
735 545 933 634 Canopicum
958 548 1023 616 Nili
1050 571 1242 635 proxumum

114 652 235 717 ostium
256 655 314 710 iii
328 667 419 708 xxvm
441 671 467 713 Μ
487 672 519 735 p.
547 650 710 728 lecerunt,
738 649 882 714 Isidorus
909 673 929 714 a
954 648 1052 738 Tingi
1075 651 1242 736 Canopum

114 755 211 812 iiii?
223 769 293 810 xorx
312 772 338 812 Μ
358 771 402 833 p.,
425 749 652 815 Artemidorus
674 772 715 812 xx
737 773 762 812 Μ
781 749 887 815 minus
909 771 1005 833 quam
1027 749 1180 816 Isidorus.

159 847 237 913 VII.
272 851 301 913 7.
325 847 453 915 Insrdas
473 872 538 915 uon
558 850 605 913 ita
624 849 744 915 multas
767 851 1013 936 conplectuntur
1032 850 1113 916 haec
1132 850 1241 917 maria.
1256 882 1287 926 41

118 946 311 1014 Clarissima
333 958 385 1012 est
398 946 536 1012 Meninx
557 947 759 1034 longitudine
781 971 847 1013 xxv
868 973 893 1013 Μ
913 973 957 1035 p.,
980 950 1149 1016 latitudine
1163 973 1243 1030 xxn,

116 1049 160 1115 ab
183 1049 396 1114 Eratosthene
417 1046 650 1135 Lotophagitis
676 1049 847 1133 appellata.
885 1047 1018 1135 Oppida
1042 1050 1141 1116 habet
1168 1051 1243 1129 duo,

116 1149 312 1238 Meningem
330 1150 371 1215 ab
392 1148 526 1214 Africae
547 1148 647 1214 latere
676 1158 709 1213 et
729 1149 830 1215 altero
851 1149 964 1230 Troar,
994 1152 1066 1237 ipsa
1086 1176 1106 1216 a
1133 1152 1245 1216 dextro

118 1249 228 1335 Syrtis
250 1251 381 1315 minoris
403 1249 620 1336 promontorio
641 1249 791 1334 passibus
808 1264 859 1313 nm
882 1250 952 1316 sita.
988 1250 1044 1317 Ab
1067 1274 1105 1317 ea
1126 1274 1144 1316 c
1166 1276 1191 1316 Μ
1211 1275 1245 1338 p.

120 1362 233 1418 contra
260 1352 385 1419 laevom
417 1347 556 1416 Cercina
582 1374 655 1416 oum
687 1351 773 1416 urbe
795 1351 940 1418 eiusdem
972 1354 1108 1418 nominis
1133 1354 1244 1432 libera,

116 1453 218 1541 longa
239 1475 309 1517 xxv
329 1475 355 1515 Μ
376 1475 421 1537 p.,
449 1451 515 1517 lata
541 1450 710 1516 dimidium
736 1452 816 1530 eius,
845 1451 900 1517 ubi
927 1455 1128 1537 plurumum,
1158 1464 1192 1519 at
1211 1454 1245 1518 in
1319 1530 1322 1535 ¹

117 1563 264 1619 extremo
284 1576 349 1619 non
370 1553 445 1638 plus
465 1574 488 1615 v
510 1575 535 1615 Μ
554 1574 587 1637 p.
599 1577 608 1629 ;
630 1551 705 1616 huic
726 1574 895 1638 perparva,
920 1551 1149 1642 Carthaginem
1171 1577 1245 1621 ver-

119 1675 186 1731 sus,
212 1650 382 1717 Cercinitis
404 1662 501 1737 ponte
527 1651 680 1737 iungitur.
704 1650 759 1716 Ab
774 1650 823 1716 his
837 1674 857 1715 r.
871 1676 896 1716 Μ
917 1652 985 1719 fere
1006 1677 1039 1739 p.
1060 1653 1245 1741 Lopadusa,
1258 1683 1291 1728 42

117 1756 215 1840 longa
235 1776 270 1817 vr
291 1777 316 1816 Μ
337 1776 369 1838 p.
411 1751 493 1817 Mox
514 1749 637 1817 Gaulos
664 1761 697 1816 et
719 1749 846 1830 Galata,
876 1753 967 1818 cuius
997 1765 1083 1820 terra
1105 1757 1246 1842 scorpio·

118 1878 177 1922 nes
189 1856 295 1920 dirum
309 1854 427 1919 animal
439 1853 573 1918 Africae
587 1863 695 1930 necat3
719 1853 871 1918 dicuntur
894 1865 927 1919 et
944 1855 978 1920 in
991 1854 1116 1943 Clypea
1134 1858 1244 1937 emori,

120 1957 215 2022 cuius
236 1979 278 2021 ex
301 1956 435 2020 adverso
458 1952 583 2038 Cosyra
605 1976 679 2019 cum
699 1954 827 2040 oppido.
869 1954 918 2019 At
940 1968 1050 2022 contra
1073 1957 1246 2046 Carthagi-

120 2057 172 2122 nis
188 2058 295 2122 sinum
310 2054 617 2142 duaeAegimuroe3
640 2076 713 2118 arae
736 2064 854 2133 autem,
878 2058 1000 2142 scopuli
1021 2058 1128 2123 verius
1151 2082 1247 2144 quam

119 2156 256 2235 insulae,
279 2157 363 2220 inter
382 2151 525 2220 Siciliam
546 2175 695 2218 maxume
716 2163 748 2218 et
770 2151 961 2222 Sardiniam.
991 2158 1151 2225 Auctores
1172 2171 1247 2226 sunt

121 2268 154 2324 et
175 2256 233 2321 has
255 2255 419 2340 quondam
440 2253 598 2318 habitatas
619 2252 812 2318 subsedisse.

120 2415 230 2474 tosthme,
245 2427 271 2476 p.
292 2411 460 2462 108.Bernh.
483 2451 515 2459 ..
539 2407 738 2474 Lotltopltaqitas,
750 2411 795 2459 Ra
806 2411 842 2460 ¹d.
863 2451 893 2458 ..
918 2410 1058 2480 Meninpen,
1070 2417 1122 2466 Ba.
1141 2415 1245 2467 Memin.

119 2496 175 2546 pen,
188 2482 213 2530 d.
232 2520 263 2529 -
287 2479 469 2539 Trsar,RTd.
492 2476 623 2537 Troiana.
646 2473 780 2536 litorum.
803 2474 1020 2541 PholonBarbar.
1037 2479 1131 2545 Thoar,
1142 2479 1193 2549 βγ.
1213 2524 1245 2533 ..

120 2545 190 2609 MD,
201 2547 330 2598 BSTad.
353 2544 401 2607 00,
413 2545 431 2593 h
436 2541 465 2606 β.
479 2584 510 2593 ..
525 2540 551 2592 C.
560 2559 629 2608 poss.
642 2551 737 2604 contra,
749 2545 775 2594 N
784 2546 798 2593 ¹.
814 2544 931 2609 parochus
945 2545 988 2597 CC
996 2550 1046 2600 sita
1057 2553 1088 2600 ob
1101 2565 1132 2600 eu
1147 2548 1168 2600 C
1175 2569 1244 2617 pass.
1263 2604 1266 2609 ,

120 2615 279 2676 contrc‚N².
297 2653 330 2662 -
349 2611 434 2673 lovum,
446 2625 470 2660 σ.
494 2608 599 2672 zenan
609 2613 664 2660 ¹²d
683 2651 714 2660 ..
733 2610 828 2674 XXV,
840 2613 893 2663 Ra.
922 2614 1073 2678 VLXXV,
1085 2619 1138 2668 Τὰ.
1157 2660 1188 2668 -
1210 2627 1246 2681 ot,

121 2682 215 2732 Tadr.
232 2679 275 2742 cd,
286 2680 319 2730 R.
337 2697 375 2741 ac,
386 2675 415 2741 β.
435 2719 467 2727 -
485 2676 550 2740 hinc,
563 2679 593 2728 Τ.
950 2715 979 2753 ὦ.

157 2763 227 2826 542.
245 2764 285 2826 iis,
297 2777 321 2812 σ.
335 2803 363 2812 ..
379 2762 437 2827 quin
509 2760 560 2813 ‘nto
574 2803 605 2811 ,,
616 2778 739 2826 Wsumn,
751 2765 794 2813 ad.
805 2764 864 2828 sere
872 2781 981 2829 passum,
994 2768 1026 2817 R.
1046 2809 1078 2817 ..
1101 2767 1246 2834 Lopadusa,

121 2832 229 2882 Barbar.
241 2847 258 2880 a
266 2834 283 2880 ².
301 2829 445 2894 Epocessa,
460 2821 482 2875 θ
514 2845 530 2878 a
541 2831 576 2879 ¹d.
594 2827 733 2894 Lypidnsa,
744 2831 769 2879 R
777 2833 794 2878 ².
812 2829 925 2895 Lepido,
936 2835 961 2884 R
971 2835 987 2882 ¹.
1008 2834 1155 2898 Lopadusa,
1168 2838 1247 2888 altera

122 2899 232 2950 Barbari
249 2899 401 2948 coniectura.
425 2937 457 2945 ..
486 2894 527 2945 VI
536 2894 573 2944 M
576 2913 645 2960 pass.
659 2911 710 2945 om.
724 2897 754 2946 Τ.
778 2937 809 2945 -
836 2896 1104 2959 Goulosct‚Barba1-.
1129 2899 1210 2952 Gaulo
1226 2921 1247 2965 c,

122 2968 199 3018 Rad.
220 2963 325 3026 Ganloc,
336 2966 405 3014 Rob.
426 2961 528 3024 Gaulos,
540 2976 564 3012 σ.
583 3003 615 3011 -
632 2962 778 3026 scorpiones,
790 2965 867 3013 Tad.
885 2965 1040 3028 scorpionem,
1052 2963 1132 3030 Ββγ.
1146 3007 1177 3017 -
1195 2969 1246 3019 die.

122 3040 185 3094 rtnn,
202 3047 226 3082 σ.
245 3073 277 3082 ..
295 3039 378 3096 nequi,
394 3031 426 3081 R.
446 3070 477 3079 -
499 3028 596 3095 Clypea,
616 3030 653 3078 its
668 3044 716 3078 nos
729 3031 875 3093 scripsimus
891 3032 950 3080 coll.
967 3034 982 3095 ς
1000 3039 1040 3082 25.
1068 3030 1168 3099 Clupea,
1185 3037 1230 3086 aN
1236 3038 1247 3069 ²

123 3097 219 3162 (Rob.)
235 3096 287 3164 βγ.
310 3097 394 3163 ΟΙΜρε,
405 3100 430 3149 Ν
441 3099 456 3147 1.
478 3093 583 3160 Clupea,
594 3097 648 3146 Rd.
668 3136 699 3145 ..
717 3096 785 3160 morr',
797 3098 822 3148 N
833 3099 847 3146 ¹.
867 3137 899 3146 -
917 3101 957 3160 ab,
969 3099 1018 3150 Ν1.
1032 3141 1063 3148 -
1085 3099 1185 3165 Cosyra,
1196 3104 1245 3154 vid

491 3191 499 3218 1

123 3241 150 3295 8,
163 3239 204 3284 92.
221 3232 344 3299 Cossyrr'o,
353 3233 408 3283 Kc.
423 3228 522 3295 Ccsprn,
531 3231 557 3281 Ν
566 3232 580 3280 ¹.
595 3226 723 3294 Corssyric
734 3230 772 3280 vcl
786 3227 908 3296 Cossyria,
917 3233 940 3284 N
950 3235 968 3283 ².
982 3228 1092 3295 Cossorc,
1101 3229 1247 3288 ROTa¹d

126 3298 234 3362 Cossira,
246 3304 289 3350 αἳ.
304 3341 335 3350 -
350 3309 407 3359 tum,
418 3299 472 3349 Rd.
486 3339 518 3347 ..
531 3295 651 3362 oppidum,
664 3300 705 3349 R²
714 3290 742 3346 θ.
756 3338 787 3346 -
806 3295 878 3360 dnae,
890 3301 1028 3351 swam.
1047 3302 1102 3365 duo,
1114 3307 1158 3354 Ta
1168 3300 1246 3367 ¹drss.

125 3367 185 3419 Om.
194 3368 219 3419 N
229 3369 244 3418 ¹.
255 3408 287 3416 -
298 3365 458 3432 Αερίηιιινοες
475 3381 536 3415 arne
544 3375 630 3424 antem,
642 3367 678 3416 its
689 3380 736 3416 nos
745 3365 890 3430 scripsimus
898 3369 1005 3432 vestigia
1013 3371 1128 3420 codicum
1141 3387 1246 3435 sequen·

316 3458 326 3488 θ
372 3459 396 3488 ω
657 3456 667 3486 θ
764 3457 788 3487 Μ

126 3512 174 3553 tes.
193 3503 393 3567 Aepimocrcccc.
409 3498 468 3550 Rea
479 3511 548 3560 nient,
559 3501 591 3550 R.
609 3500 779 3566 Aspimoerccn
793 3499 833 3550 Re
846 3512 934 3567 antem,
951 3520 974 3555 a
996 3503 1093 3566 cpimire
1102 3540 1109 3552 .
1118 3521 1189 3555 curce
1200 3522 1246 3555 an·

126 3580 182 3631 tem,
196 3570 248 3619 Τὰ.
266 3569 370 3632 Aeycmo
381 3583 464 3629 cerco,
475 3584 496 3618 r.
514 3584 531 3616 o
541 3569 639 3633 premio,
651 3569 675 3619 N
685 3569 699 3617 ¹.
718 3569 838 3632 cyrenio,
850 3570 875 3621 N
883 3574 921 3620 ²0.
938 3570 1067 3634 desinon·
1077 3587 1094 3619 c
1105 3586 1139 3632 re,
1150 3567 1179 3632 β.
1197 3570 1246 3621 Ac-

125 3636 216 3702 9inrori
226 3653 295 3696 cras,
306 3637 385 3686 Hard.
397 3648 422 3699 γ.
439 3635 510 3684 Ante
522 3635 608 3684 omnia
620 3636 803 3685 observandum
815 3644 854 3686 est
864 3637 984 3700 Plinium,
997 3636 1066 3699 quod
1077 3637 1145 3686 viros
1156 3640 1246 3689 doctos

126 3719 180 3754 non
197 3704 333 3753 attendisse
350 3703 454 3762 mireris,
472 3702 596 3751 hocloco
613 3704 644 3751 de
659 3703 753 3766 duplici
769 3704 909 3754 insularum
926 3704 1042 3766 congerie
1057 3717 1112 3753 csse
1123 3705 1246 3755 locutum.

127 3771 158 3820 Id
172 3773 266 3821 docent
282 3772 358 3820 verba
372 3776 458 3820 ‘contra
478 3767 633 3833 Corstopinis
650 3769 730 3819 sinum
746 3778 772 3819 ct
788 3771 851 3820 inter
868 3768 981 3820 Sicsiicm
997 3770 1100 3819 manime
1116 3780 1140 3820 et
1155 3770 1245 3823 Sardi-

127 3837 196 3887 nicm
201 3855 211 3898 ,·
222 3837 321 3887 insulae
333 3838 408 3897 euim,
421 3851 485 3898 quae
497 3843 586 3886 contra
596 3837 671 3885 illum
682 3838 765 3886 sinum
777 3837 839 3886 sitas
851 3846 929 3896 orant,
940 3838 985 3885 vix
994 3837 1043 3885 dici
1054 3847 1162 3899 possunt
1169 3840 1245 3890 ctiam

127 3906 194 3954 iuter
205 3904 318 3955 Siciliam
330 3911 355 3954 et
366 3904 507 3955 Sardiniam
520 3904 582 3953 sitae
592 3901 677 3952 luisse.
694 3904 753 3952 Huc
764 3905 868 3963 accedit,
880 3905 948 3965 quod
960 3903 987 3951 in
998 3905 1142 3954 universum
1153 3907 1245 3957 alteru·

127 3981 167 4022 tra
179 3973 241 4022 situs
254 3971 412 4035 significatio,
426 3970 446 4019 si
456 3973 487 4020 do
495 3971 631 4019 anamodo
643 3970 783 4019 insularum
795 3972 911 4032 congerie
920 3970 1018 4019 Plinius
1027 3972 1162 4034 cogitabat,
1174 3989 1245 4038 pror·

127 4055 171 4089 sus
188 4048 241 4088 erat
259 4040 347 4099 otiosa,
365 4049 390 4088 et
405 4039 474 4101 quod
489 4036 588 4086 Plinius
603 4044 658 4085 turn
674 4043 741 4084 certe
752 4043 885 4100 utramque
900 4038 963 4087 situs
978 4038 1186 4100 significationem
1198 4043 1245 4093 sibi

127 4107 290 4170 apposuisset
305 4121 387 4168 neque
403 4105 484 4154 verbis
500 4103 631 4152 nonnullis
647 4103 782 4152 interiectis
793 4104 899 4154 alteram
912 4107 1105 4169 descriptionem
1122 4109 1153 4157 ab
1165 4109 1245 4160 altars

128 4174 275 4224 discidissct.
302 4175 369 4224 Tum
385 4172 428 4222 hic
443 4186 508 4220 unus
525 4180 563 4220 est
573 4171 654 4232 locus,
672 4184 724 4233 quo
736 4185 769 4220 cx
780 4172 885 4234 vulgata
900 4181 966 4223 corte
982 4175 1104 4238 scriptura
1114 4176 1244 4240 Aegimuro

128 4241 227 4290 insulae
238 4241 314 4290 etiam
327 4256 429 4289 crurum
446 4252 540 4288 nomen
552 4237 675 4299 tribuitur,
687 4253 745 4288 curn
757 4239 897 4303 scriptores,
919 4241 962 4304 qui
973 4242 1044 4292 illam
1055 4242 1163 4293 insulam
1175 4256 1243 4292 com-
