2714 4710
532 292 723 339 palarmo.
1154 297 1186 338 1.1

58 455 145 516 eant,-
170 441 420 525 §1513gemma
445 445 564 523 capnitis
583 447 690 506 dicitur
711 448 854 523 pluribus,
871 443 961 523 spiris
979 449 1110 523 famido,
1135 446 1187 506 ubi

60 556 158 614 media
177 573 238 642 ¹vox
255 554 287 613 in
307 555 391 613 codd.
410 554 440 613 in
461 556 566 632 tepidis
584 561 615 614 et
634 557 759 632 hispidis
780 562 919 632 corrupta
935 555 1052 633 iugenio
1075 556 1188 616 librarii

59 663 88 722 B
107 663 226 723 mansit
242 663 274 723 in
293 665 431 740 iaspidis,
459 672 490 723 et
507 663 539 722 in
558 664 625 739 ipsa
644 664 830 741 peroratione
848 664 937 723 tonus
957 665 1054 742 operis
1072 663 1186 725 Ianus

59 792 91 850 p.
104 767 180 832 467.
200 763 301 831 multa¹
313 772 493 848 interpolata
513 766 637 854 censet),
659 791 761 832 verum
775 773 904 832 maiores
918 773 1008 832 ctiam
1027 774 1188 852 interpola·

59 883 156 942 tiones
173 881 212 941 in.
226 899 262 939 eo
280 881 480 955 inveniuntur,
500 882 603 959 quales
622 883 700 941 idem
719 883 813 942 codex
824 883 856 941 in
869 883 1017 960 prioribus
1030 883 1113 943 hbris
1127 902 1186 943 non

59 980 159 1051 habet.
185 988 235 1049 Ita
255 985 339 1060 §900
357 1007 504 1066 magnum·
519 992 667 1066 glossema
684 991 826 1050 insertum
843 990 966 1068 legitur,
986 995 1002 1062 ς
1018 988 1090 1052 100.
1108 993 1186 1052 alte·

59 1118 127 1160 rum
145 1098 269 1159 minoris
287 1099 431 1171 ambitum
454 1101 469 1168 ξ
484 1094 556 1158 140.
570 1100 708 1159 librarius
727 1108 794 1159 cum
813 1102 906 1160 verba
924 1103 981 1159 iam
995 1102 1114 1162 iaderae
1127 1112 1186 1162 rta-

60 1211 149 1269 tauta
168 1216 196 1268 et
212 1227 350 1295 mucram
369 1220 534 1269 ornamenta
551 1209 582 1268 in
601 1210 700 1269 codice
718 1210 777 1269 iam
790 1209 916 1270 evanida
929 1229 990 1270 non
1002 1211 1100 1287 legere
1113 1229 1184 1288 pos-

60 1324 123 1389 set,
146 1333 204 1393 pro
226 1317 264 1376 iis
285 1325 313 1376 ct
331 1319 453 1376 oliorum
472 1317 624 1377 substituit
631 1336 641 1389 ;
667 1320 683 1388 ἃ
705 1314 777 1378 151.
798 1337 854 1395 pro
877 1319 1001 1395 vulgato
1024 1322 1121 1380 eadm
1144 1330 1187 1381 ert

60 1445 147 1502 quam
165 1427 315 1486 ostracitis
332 1435 432 1485 occant
451 1425 522 1484 inB
539 1425 663 1485 maiores
681 1445 734 1504 per
752 1430 892 1502 ambages
906 1431 1067 1488 verborum
1081 1429 1185 1488 sambl-

60 1543 109 1594 tnr
127 1553 241 1612 qaoque
260 1518 333 1611 qaas
352 1537 448 1594 ecdem
468 1544 539 1595 esset
553 1537 631 1610 quod
650 1545 692 1595 ert
706 1556 778 1612 qaue
792 1539 938 1597 εετναείειέ
957 1549 1083 1598 occatur.
1106 1539 1186 1598 Hinc

60 1661 165 1702 rursus
179 1643 270 1702 atad
289 1642 401 1719 priores
415 1642 507 1701 libros
521 1643 685 1716 redeamus,
704 1644 733 1702 id
747 1645 784 1702 de
798 1645 897 1702 codice
909 1643 936 1702 B
950 1654 996 1704 est
1008 1648 1184 1717 addendum,

59 1753 90 1811 in
102 1771 138 1812 eo
152 1751 302 1810 interdum
316 1752 409 1810 verba
421 1742 568 1810 immerito
582 1750 686 1821 omitti,
701 1751 745 1808 uti
759 1746 812 1822 32,
826 1746 878 1810 40.
893 1770 1020 1828 aegram,
1042 1748 1096 1824 32,
1112 1749 1185 1813 128.

60 1863 234 1934 scabritiam,
248 1855 302 1932 34,
318 1855 370 1919 11.
385 1862 466 1919 iussu
475 1861 640 1936 praeconis,
655 1864 685 1917 et
697 1859 818 1917 lacunas
831 1858 965 1933 inveniri,
979 1879 1055 1937 quae
1068 1861 1106 1918 ab
1119 1861 1185 1920 aliis

60 1970 143 2029 libris
163 1969 334 2046 explentur,
356 1985 446 2043 quam
463 1986 517 2045 per
536 1967 771 2028 observationem
790 1969 828 2027 ad
845 1987 907 2027 rem
926 1969 1016 2046 paulo
1031 1987 1126 2047 vsupra
1146 1970 1184 2029 si·

60 2080 229 2156 gmficctam
248 2096 315 2138 sum
333 2094 498 2153 regressus.
524 2073 622 2135 Plinio
643 2076 755 2136 sufficet
774 2075 848 2136 haec
867 2096 931 2136 sors
948 2077 1050 2153 iniqua
1071 2079 1183 2150 cecidit,

60 2193 95 2247 ut
107 2186 220 2260 nullus,
240 2205 279 2245 ne
292 2184 505 2263 Bambergensi
518 2186 635 2260 quidem
649 2194 782 2262 excepto,
802 2187 865 2244 eiua
880 2186 975 2245 codex
987 2187 1063 2246 liber
1076 2189 1115 2246 sit
1127 2190 1185 2246 hoc

60 2313 166 2372 genere
179 2295 329 2354 vitiorum.
355 2295 435 2353 Hinc
452 2294 598 2371 plurimae
617 2295 742 2352 lacunae
760 2294 950 2353 inveniuntur
963 2295 994 2353 in
1006 2296 1185 2354 editionibus

60 2410 130 2463 ante
146 2403 338 2479 Hardninum
361 2403 462 2476 editis,
489 2420 615 2478 quarum
641 2403 745 2461 ultima
770 2409 1000 2461 commemoratu
1024 2404 1116 2479 digna
1138 2411 1185 2463 est

59 2512 292 2589 Dalecampiana
303 2506 370 2592 (β);
389 2513 491 2588 plures
511 2512 600 2569 etiam
614 2510 709 2569 factae
724 2513 845 2569 suntab
858 2510 1025 2584 Harduino,
1046 2513 1108 2586 qui,
1129 2511 1183 2571 sic·

58 2622 110 2682 ubi
122 2622 154 2681 in
167 2639 228 2680 unc
241 2621 372 2680 alterove
386 2638 508 2679 suorum
523 2621 655 2678 codicum
669 2621 759 2679 verba
772 2619 915 2678 nonnulla
934 2621 1044 2679 omissa
1061 2620 1183 2694 invenit,

58 2748 93 2790 ea
104 2739 257 2808 tamquam
270 2729 434 2788 adulterina
446 2706 508 2787 fere
521 2728 629 2802 ubique
643 2727 741 2799 eiecit3
755 2746 857 2804 presse
870 2747 938 2789 eum
951 2729 982 2789 in
995 2732 1052 2789 hac
1065 2748 1181 2806 qnoque

58 2857 90 2898 rc
103 2847 150 2899 est
163 2845 281 2898 secutus
295 2837 445 2898 Broteriue
460 2831 517 2915 (γ).
545 2837 649 2896 Huius
665 2838 709 2897 rei
729 2846 763 2896 ut
776 2838 894 2915 plenam
914 2840 1050 2898 notitiam
1069 2840 1180 2916 accipe·

58 2964 156 3006 remus
174 2965 271 3022 neque
290 2947 418 3005 incertae
437 2945 610 3005 dubitationi
627 2947 666 3004 de
686 2946 859 3022 recipiendis
879 2947 1064 3006 eiiciendisve
1083 2947 1181 3006 verbis

57 3055 88 3114 in
107 3073 169 3114 nno
189 3063 242 3114 ant
259 3054 395 3133 pluribus
415 3053 500 3114 libris
517 3054 638 3113 ‘omissis
660 3053 780 3112 obnoxii
793 3070 936 3125 essemus,
956 3055 1013 3112 hoc
1031 3061 1077 3113 cst
1097 3071 1180 3112 sum-

58 3178 139 3224 mum
157 3181 212 3223 nec
231 3165 303 3224 satis
320 3163 533 3223 aestimandum
551 3160 687 3219 meritum
708 3160 814 3219 codicis
835 3159 875 3233 B,
902 3162 954 3220 sed
977 3160 1034 3220 hac
1059 3162 1124 3238 ipsa
1143 3163 1180 3220 de

58 3289 148 3332 musa
167 3273 300 3348 sequitur
321 3281 433 3331 certum
454 3272 491 3331 de
510 3269 567 3329 hac
584 3287 619 3327 re
637 3269 776 3328 iudicium
794 3287 848 3328 nos
863 3271 953 3330 modo
970 3271 1003 3328 in
1022 3271 1107 3331 libris
1126 3289 1180 3331 sex

57 3380 225 3441 novissimis
245 3381 322 3458 ferre
339 3398 438 3458 posse.
468 3377 656 3455 Quantopere
673 3378 765 3454 igitur
781 3378 969 3439 librariorum
981 3381 1014 3439 in
1026 3382 1082 3441 hac
1095 3399 1129 3439 re
1142 3381 1178 3439 li·

58 3489 151 3549 centia
174 3506 230 3565 per
253 3492 308 3549 hos
332 3487 424 3549 libros
449 3495 585 3564 grassata
603 3487 652 3560 sit,
676 3488 840 3547 accuratius
865 3489 1125 3549 demonstrandum
1149 3498 1179 3548 et

56 3597 139 3673 ipsae
159 3596 283 3656 brunae
292 3599 333 3656 in
352 3597 497 3673 quasdam
517 3597 626 3656 classes
645 3579 871 3669 distribuendae,
895 3600 974 3657 unde
998 3600 1098 3658 statim
1121 3617 1177 3674 ap-

56 3705 171 3782 parebit
189 3723 240 3764 eas
259 3706 310 3765 uni
327 3706 485 3765 temeritati
504 3714 534 3764 at
554 3705 747 3781 negligentiae
771 3706 958 3765 librariorum
978 3707 1091 3779 deberi,
1119 3725 1178 3765 non

57 3832 120 3875 esse
133 3815 306 3874 tribuendus
320 3817 423 3874 doctae
436 3815 588 3874 sedulitati*
600 3815 715 3874 librarii
734 3814 859 3873 alicuius
872 3811 1003 3873 Plinium
1025 3817 1178 3874 emendare
1229 3830 1232 3835 ’

57 3923 193 3996 volentis,
216 3941 284 3982 cnm
302 3924 334 3982 in
352 3924 476 3984 diversis
495 3923 659 4018 promiscue
678 3921 826 3980 codicibus
840 3923 1043 3994 inveniantur3
1063 3925 1177 3982 addita·

57 4038 156 4090 menta
175 4050 258 4104 vero,
280 4033 387 4108 quibus
404 4033 435 4091 in
453 4031 516 4092 aliis
529 4031 613 4090 libris
626 4030 696 4088 illae
709 4030 832 4090 lacunae
846 4031 1011 4109 explentur,
1033 4051 1093 4091 non
1113 4051 1177 4093 esse

59 4140 254 4213 glossemata,
286 4142 338 4201 sed
360 4141 426 4219 ipsa
453 4141 544 4200 verba
569 4138 706 4198 Pliniana
726 4140 871 4215 intelliget
896 4142 947 4216 qui
969 4141 1088 4217 singula
1112 4142 1178 4202 loca
