2714 4710
583 283 772 326 ramulum.
1196 287 1243 329 XV

112 434 152 495 lis
168 443 215 494 est
227 435 258 493 in
273 433 335 506 Ra,
356 434 522 510 librumque
537 436 633 511 ipsum
648 436 795 512 usquead
810 437 914 494 verbo:
935 438 1052 513 quidam
1064 447 1091 497 et
1104 447 1181 498 aceto
1196 441 1244 498 in-

112 547 229 605 triciese
250 548 374 604 contenti
392 555 460 604 aunt
478 547 579 604 uestri.
606 544 643 602 In
665 546 770 605 ultimo
787 545 858 604 lolio
872 545 1014 620 leguntur
1027 546 1115 606 haee:
1141 550 1189 608 lib.
1203 553 1246 610 eci

107 657 191 732 petri
210 656 327 714 corbeie.
360 652 526 725 Lectiones,
552 673 678 728 quarum
697 655 847 730 specimen
866 655 945 714 dedit
964 656 1079 715 Ianus
1098 657 1136 715 ad
1156 657 1247 717 hbros

112 762 206 822 XIV.
221 762 313 821 XIX.
328 762 403 821 XX.
424 759 582 836 §1-10,
605 783 673 822 cum
693 765 792 822 codice
815 783 835 829 o
856 763 918 823 iere
937 773 1112 840 congruunt,
1139 767 1249 826 omissa

113 883 216 932 tamen
229 892 290 931 non
304 879 376 931 suut
388 872 491 930 eadem
504 873 536 929 in
550 879 685 946 utroque.

53 997 55 1001 ’
157 980 261 1042 Codex
278 983 457 1041 Porieieacis
477 977 688 1056 Raptus-6797
710 975 761 1062 (d)
782 980 854 1041 lolio
867 983 996 1041 maximo
1010 983 1087 1042 binis
1100 983 1247 1044 columnia

113 1093 243 1169 scriptus
256 1109 359 1149 omnes
373 1092 463 1149 libros
475 1091 614 1163 continet,
632 1091 684 1150 sed
694 1091 831 1150 ultimum
841 1092 899 1150 alia
908 1111 999 1151 mauu
1009 1093 1167 1166 adiectum,
1182 1111 1247 1154 see·

113 1202 186 1276 culi,
201 1208 236 1260 ut
250 1201 377 1271 videtur,
392 1199 484 1258 XIII.
498 1200 596 1258 Htrius
611 1200 717 1258 codicis
731 1218 798 1259 cum
815 1217 870 1275 ego
881 1201 944 1277 ipse
955 1202 1047 1261 libros
1057 1201 1247 1279 XXXIIL
1327 1200 1330 1205 ’

113 1310 273 1370 XXXVI.
293 1309 496 1381 contulissem,
517 1307 631 1369 Ianus
652 1328 701 1367 me
722 1317 849 1385 rogante
869 1311 998 1387 reliquos
1017 1311 1111 1370 libros
1132 1308 1247 1372 adiecit.

113 1421 158 1480 Et
171 1419 231 1478 luit
249 1420 367 1495 quidem
387 1420 436 1476 hio
455 1420 547 1477 codex
568 1420 677 1494 dignus
692 1419 743 1494 qui
757 1425 840 1478 totus
853 1419 1048 1493 conferretur,
1068 1427 1103 1478 ut
1116 1421 1168 1496 qui
1182 1439 1250 1480 cum

115 1529 264 1589 Toletano
285 1537 315 1587 et
334 1529 365 1586 in
384 1528 485 1587 multis
505 1528 578 1586 locis
598 1547 665 1587 oum
685 1526 881 1587 chiffletiano
895 1530 1037 1588 familiam
1050 1529 1158 1589 faciem
1172 1547 1249 1590 unus

116 1640 205 1716 plene
219 1637 345 1698 conferri
362 1645 470 1712 posset.
496 1637 652 1695 Nonnulla
675 1656 746 1695 sane
760 1656 829 1695 oum
842 1636 909 1696 VR
922 1640 1012 1696 habet
1027 1638 1201 1710 communia,
1216 1647 1251 1697 ut

116 1749 321 1826 repetitionem
334 1746 417 1804 illam
431 1745 587 1804 XXXIII.
604 1750 619 1815 5
635 1741 783 1818 btv-98,
798 1747 836 1804 de
850 1765 910 1822 qua
925 1764 941 1803 e
956 1745 1106 1805 Toletano
1118 1746 1192 1805 nihil
1206 1756 1252 1806 eet

109 1865 286 1927 ‘enotatum3
311 1858 365 1914 sed
390 1856 485 1914 multo
504 1855 599 1928 magis
622 1855 768 1931 conspirat
787 1874 854 1914 cum
872 1857 929 1915 hoc
947 1856 1035 1915 modo
1058 1856 1150 1929 dioto,
1171 1856 1251 1931 quod
1309 1850 1311 1854 ’

118 1967 181 2025 iam
199 1965 275 2024 liber
296 1961 468 2022 XXXVII.
490 1965 620 2040 aprione
634 1965 754 2023 librario
768 1966 800 2023 in
813 1973 939 2042 utroque
953 1966 1054 2026 codice
1068 1967 1210 2038 omissus,
1231 1984 1251 2028 a

120 2076 284 2152 posteriore
295 2075 415 2132 demum
424 2074 455 2132 in
468 2075 488 2132 d
501 2074 630 2132 adiectus
645 2075 741 2134 docet.
758 2072 846 2148 Quod
860 2076 898 2134 ad
913 2076 979 2134 eius
992 2076 1119 2152 pretium
1133 2077 1250 2146 attinet,

121 2185 224 2259 negari
243 2202 303 2242 non
321 2190 419 2259 potest
439 2174 524 2255 eum,
543 2185 844 2261 praeterquamquod
866 2204 933 2244 cum
951 2185 1068 2261 optimis
1085 2183 1146 2244 illis
1167 2184 1250 2243 libris

123 2293 215 2352 VRa
230 2293 399 2369 saepissime
413 2291 569 2368 conspirat,
583 2293 677 2351 multo
690 2313 707 2352 e
720 2293 842 2352 meliore
856 2293 937 2352 fonte
952 2303 1095 2367 servasse,
1111 2312 1189 2369 quae
1203 2293 1254 2351 ulii
1305 2324 1308 2332 ·

124 2404 176 2462 vel
191 2402 292 2480 optimi
304 2402 388 2460 codd.
401 2420 460 2459 non
470 2401 591 2473 habent,
606 2402 651 2460 uti
662 2397 713 2474 33,
727 2399 788 2474 77„
804 2403 856 2460 ubi
869 2405 949 2478 quod
959 2404 1051 2477 vulgo
1061 2410 1158 2461 exstat
1168 2404 1253 2462 tidem

126 2519 180 2571 aut
193 2530 294 2571 errore
308 2516 361 2569 aut
373 2509 595 2586 interpolatione
608 2517 729 2598 propter
743 2529 847 2570 vocem
860 2514 913 2570 olii
934 2529 1137 2588 praegressam
1156 2520 1253 2570 ortum

127 2622 303 2680 emendatur
316 2619 460 2696 scriptura
475 2622 506 2678 id
519 2629 612 2677 autem
626 2619 656 2676 iu
667 2639 726 2678 uno
737 2621 756 2677 d
768 2628 915 2693 exstante3
931 2639 1018 2698 saepe
1030 2622 1119 2680 etiam
1130 2623 1254 2699 scriptu·

126 2750 194 2790 ram
215 2731 367 2804 vulgatam
385 2731 493 2786 bonam
512 2728 598 2786 illum
617 2731 797 2800 confirmare,
819 2730 862 2789 uti
876 2725 928 2803 35,
943 2725 996 2791 45.
1011 2733 1188 2808 odiumque,
1203 2731 1256 2790 ubi

128 2848 244 2899 ceterae
263 2854 364 2897 omnes
385 2837 547 2913 scripturae
566 2840 714 2914 rabieque,
739 2840 907 2916 rubioquoe,
928 2841 1016 2898 rubeo
1036 2860 1109 2918 quoe
1128 2839 1255 2916 primum

128 2949 237 3020 enred,
257 2956 320 3006 tum
340 2946 557 3023 interpolationi
576 2949 728 3006 debentur.
753 2946 799 3006 At
819 2966 928 3022 magna
942 2949 1031 3007 simul
1046 2949 1142 3006 cautio
1155 2949 1186 3005 in
1199 2948 1256 3006 hoe

128 3058 230 3116 codiee
243 3058 413 3134 usurpando
424 3064 470 3115 est
479 3055 653 3128 adhibenda,
665 3063 699 3114 ut
712 3057 764 3130 qui
774 3073 894 3114 manum
904 3056 1128 3114 emendatricem
1140 3056 1256 3133 saepius
1267 3063 1273 3072 ‘

130 3185 222 3242 quam
232 3166 323 3225 VRa
341 3166 379 3224 sit
392 3174 545 3243 expertus,
560 3165 612 3240 qui
625 3164 683 3222 illis
697 3165 728 3222 in
741 3165 814 3223 locis
828 3173 881 3223 aut
894 3166 1085 3242 archetypum
1099 3166 1171 3223 bene
1186 3165 1256 3223 red·

131 3276 208 3334 dant
225 3284 277 3335 aut
294 3275 410 3335 levibus
429 3275 518 3333 modo
532 3275 611 3333 vitiis
627 3274 795 3333 oscitantiae
808 3274 998 3333 librariorum
1012 3275 1116 3334 debitis
1130 3281 1200 3334 sunt
1212 3275 1256 3332 in·
1292 3328 1294 3332 ,

130 3385 257 3463 qpinati.
284 3385 332 3442 Ita
354 3379 468 3456 5,140.
490 3383 591 3460 vulgo,
616 3383 660 3441 uti
679 3383 710 3440 iu
730 3381 889 3442 Parisieusi
907 3405 937 3456 o,
957 3402 1024 3442 oum
1043 3392 1122 3444 recte
1141 3386 1257 3459 legatur

137 3495 211 3553 Toto
229 3497 324 3554 inuata
342 3497 492 3564 olrouitur,
514 3493 546 3550 in
567 3493 596 3551 R
616 3499 715 3553 autem
732 3493 790 3552 hoc
810 3495 953 3570 scriptum
973 3503 1050 3554 esset
1072 3497 1143 3554 Toto
1161 3498 1257 3554 insula

131 3606 248 3674 circuit,
267 3604 407 3662 librarius
426 3602 531 3662 codicis
546 3602 566 3660 d
579 3602 647 3661 hinc
659 3602 734 3662 iecit.
747 3605 832 3663 Totae
847 3607 958 3663 insulae
971 3607 1125 3671 circuitum
1147 3622 1213 3661 cum
1228 3602 1256 3660 Τ

133 3730 305 3773 communes
326 3713 415 3772 habet
435 3713 677 3788 interpolationes
697 3707 755 3785 34,
776 3709 826 3772 99.
842 3717 946 3773 sentire
961 3715 1088 3784 tradunt,
1103 3705 1160 3782 35,
1184 3707 1256 3770 170.

133 3840 193 3881 non
207 3823 262 3881 eibi
275 3842 345 3895 mos,
360 3817 412 3894 35,
430 3816 501 3881 173.
517 3823 623 3881 Romae
636 3833 747 3891 out0m3
760 3841 814 3898 pro
830 3841 864 3881 eo
879 3825 959 3897 quod
972 3823 1003 3880 in
1016 3819 1043 3878 B
1057 3829 1136 3880 recte
1148 3822 1258 3897 legitur

132 3932 277 3992 meatibus
290 3933 348 4003 IV,
368 3951 435 3990 oum
449 3930 513 3989 VR
531 3950 585 4006 per
598 3950 726 3989 errorem
742 3932 884 4007 scriptum
898 3931 1025 3990 habeant
1038 3941 1141 4008 mepte,
1163 3931 1256 3989 libra·

133 4039 201 4099 rius
220 4041 326 4100 codicis
345 4041 365 4099 d
383 4041 449 4099 inde
467 4039 535 4099 fecit
552 4059 660 4116 nempe,
680 4038 827 4098 sollertius
846 4041 934 4100 etiam
954 4040 1090 4101 hbrarius
1108 4040 1215 4099 codicis
1235 4042 1255 4099 h

135 4153 241 4228 inepte.
262 4150 308 4212 Ut
325 4149 434 4210 locutio
454 4153 558 4226 capelli
577 4152 653 4208 mari
672 4149 876 4226 eprIoaretur,
897 4150 1033 4211 librarius
1047 4150 1133 4210 huius
1148 4150 1255 4209 codicis
