2714 4710
113 295 196 336 XXIV
564 292 754 336 ramnum.

113 446 331 522 interpolatum.
358 444 447 504 Hunc
467 445 615 522 excipiunt
639 443 806 504 Gailielmac
823 446 962 504 Budaeus
981 452 1012 503 et
1024 446 1135 505 Beatus
1154 445 1235 506 Rbe-

114 574 217 626 nonus,
237 570 364 628 quorum
381 555 431 612 ille
444 554 476 612 in
489 553 564 612 libro
579 572 634 612 suo
648 555 685 613 da
699 571 764 612 asse
778 553 909 612 Venetiia
924 548 1018 614 1522.
1033 554 1112 613 edito
1124 555 1238 615 multos

113 663 203 722 Plinii
215 664 296 723 locos
310 681 366 740 ope
380 663 512 722 codicum
525 663 701 721 emendavit.
723 661 841 721 Horum
854 681 948 721 unum
962 663 1236 736 „vetustissimum”

114 791 201 850 saepe
214 773 316 832 laudat
333 781 506 848 praeterque
524 789 592 830 eum
613 773 672 830 duo
686 771 799 830 codices
814 764 859 850 (p.
874 767 947 831 371.
963 772 1011 833 ed.
1025 771 1237 850 Reichenberg.

7 879 12 889 '
113 882 198 960 Lips.
219 877 343 958 1692.);
367 881 498 955 loquitur
518 881 607 939 atim
626 882 662 939 de
683 880 832 939 nonnullis
852 899 883 957 p.
903 875 977 941 350.
997 888 1027 938 et
1046 882 1082 941 de
1103 883 1240 943 omnibns

117 991 200 1050 libris
225 1009 296 1049 mss.
322 1008 353 1066 p.
374 984 459 1061 338„
485 1008 559 1064 quos
583 1008 651 1048 eum
674 988 797 1048 Parisiis
820 990 983 1066 inspexisse
1005 997 1053 1049 est
1075 991 1238 1066 probabile.
1280 992 1285 997 “

115 1098 220 1174 Longe
239 1100 351 1159 maiora
370 1099 408 1157 de
429 1099 527 1157 Plinio
546 1099 651 1158 merita
671 1107 742 1158 sunt
753 1098 840 1157 Beati
858 1097 1008 1172 Rhenani,
1028 1099 1141 1180 egregii
1156 1099 1241 1159 illius

116 1208 191 1267 inter
204 1205 371 1268 Germanos
385 1209 496 1267 saeculi
508 1207 599 1268 XVI.
614 1207 767 1284 philologi,
788 1209 840 1284 qui
857 1209 902 1267 uti
916 1208 1016 1267 multis
1031 1209 1097 1266 aliis
1111 1208 1241 1284 scripto·

116 1319 200 1376 ribus
219 1317 334 1376 Latinis
353 1318 394 1376 ita
415 1317 512 1376 Plinio
531 1335 648 1394 quoque
669 1319 854 1376 utilissimam
873 1319 998 1377 navavit
1017 1336 1148 1394 operam,
1169 1318 1239 1377 dum

117 1429 148 1485 in
161 1426 260 1484 libello
280 1427 421 1502 peculiari
440 1444 517 1485 anno
533 1422 626 1487 1526.
641 1427 729 1498 edito,
750 1428 789 1485 ad
807 1445 894 1500 quem
912 1445 989 1485 anno
1005 1421 1099 1486 1531.
1119 1426 1240 1487 aceesdt

118 1537 242 1614 epistola
261 1537 392 1595 eiusdem
410 1536 449 1594 ad
466 1535 735 1608 Pirckhaimerum,
757 1555 817 1595 non
839 1536 936 1594 solum
959 1535 1134 1595 coniecturis
1155 1535 1241 1610 inge·

118 1647 210 1706 niosis
224 1646 333 1704 multos
342 1644 433 1705 Plinii
446 1646 526 1703 looos
540 1646 715 1718 emendavit,
730 1646 784 1704 aed
800 1645 887 1704 etiam
901 1646 939 1704 ad
953 1664 1022 1703 eum
1036 1644 1240 1719 castigandum

37 1743 39 1747 ¹
121 1756 217 1817 codice
235 1755 425 1815 Murbacensi
443 1761 488 1813 est
501 1773 584 1829 usus,
606 1772 721 1829 exque
742 1755 845 1814 eodem
865 1762 969 1831 postea
986 1752 1158 1826 Commius,
1178 1772 1244 1811 me·

120 1865 203 1925 dicus
228 1863 420 1934 doctissimus,
444 1863 475 1921 in
500 1865 716 1922 commentariis
740 1865 778 1922 ad
800 1862 948 1923 Galerium
972 1864 1009 1922 de
1034 1863 1245 1938 compositione

120 1973 347 2050 pharmacorum
362 1966 467 2042 1537.,
482 1972 521 2030 ad
539 1971 675 2031 Macrum
688 1972 841 2031 Floridum
856 1968 962 2045 1540,
983 1972 1021 2031 ad
1040 1971 1244 2031 Dioscoridem

123 2077 216 2143 1557.
231 2099 372 2158 magnum
393 2099 549 2140 numerum
567 2083 701 2141 locorum
714 2082 916 2141 Plinianorum
929 2081 1088 2158 integritati
1109 2098 1181 2140 suae
1194 2099 1245 2140 re·

122 2193 225 2250 stituit.
249 2191 417 2265 Utrumque
438 2191 536 2250 virum
554 2193 672 2251 doctum
690 2192 798 2250 eodem.
812 2193 911 2251 codice
931 2209 996 2250 esse
1008 2208 1098 2250 usum
1111 2199 1195 2266 patet
1207 2209 1247 2249 ex

120 2296 218 2361 verbis
238 2298 372 2360 Cornarii
390 2301 428 2359 ad
447 2298 583 2359 Macrum
601 2300 624 2359 f.
647 2297 718 2360 112.
740 2319 780 2375 a,
804 2302 852 2360 cui
869 2302 908 2359 ad
921 2301 1051 2360 Paulum
1065 2299 1246 2376 Aeginetam

121 2409 194 2470 VH.
209 2430 240 2487 p.
256 2404 327 2471 798.
343 2410 559 2470 vetustissimus
578 2411 669 2483 audit,
690 2430 757 2470 cum
771 2411 931 2470 Rhenanus
952 2411 982 2468 in
995 2409 1119 2487 praefat.
1133 2410 1173 2469 ad
1186 2407 1248 2469 La·

122 2539 206 2579 scum
232 2539 300 2583 eum
323 2520 496 2578 mendosum
520 2519 606 2579 dicat.
624 2556 627 2561 -
648 2519 794 2594 Equidem
819 2519 993 2578 lectionibus
1021 2520 1082 2578 eius
1110 2525 1247 2579 accurate

122 2630 289 2706 ponderatis
301 2618 377 2690 11111
395 2629 564 2687 melioribus
583 2629 668 2689 libris
688 2629 767 2688 tertii
781 2629 901 2701 ordinis,
922 2630 967 2687 uti
981 2628 1137 2702 Toletano,
1147 2615 1248 2689 'Pari-

123 2739 212 2798 siensi
230 2739 260 2813 d,
282 2738 368 2799 facile
389 2739 660 2813 aequiparaverim,
686 2757 761 2814 quos
782 2758 885 2798 rursus
903 2738 1065 2798 Rhenanus
1089 2739 1248 2799 mendosos

124 2849 219 2907 dicere
240 2849 292 2907 vix
312 2828 498 2920 dubitaverit,
514 2865 591 2920 cum,
611 2848 655 2906 uti
670 2867 760 2924 supra
774 2849 909 2920 vidimus,
931 2849 970 2906 ab
988 2849 1168 2925 integritate,
1187 2864 1249 2907 non

123 2959 187 3033 dico
201 2958 293 3034 ipsius
307 2957 446 3019 orationis
456 2957 610 3018 Pliniauae
624 2958 673 3017 vel
686 2958 755 3015 libri
768 2957 1004 3034 Bambergensis,
1019 2959 1073 3016 sed
1086 2957 1160 3017 adeo
1173 2957 1250 3034 opti·

123 3087 239 3129 morum
259 3070 420 3130 secundum
438 3070 516 3128 hunc
534 3068 670 3127 'codicum
694 3067 844 3142 aliquanto
865 3067 983 3127 distent.
1010 3065 1057 3124 Eo
1078 3066 1173 3141 magis
1193 3067 1249 3127 do·

124 3181 243 3238 lendum
269 3178 347 3249 hunc
372 3179 500 3238 codicem
525 3196 592 3239 cum
617 3177 721 3236 ceteris
746 3175 992 3238 Murbaoensibus
1017 3169 1063 3255 (v.
1088 3174 1249 3235 Ruhnken.

123 3287 215 3364 praef.
239 3287 277 3349 ad
297 3286 406 3348 Vellei.
427 3305 458 3361 p.
474 3281 539 3360 11.)
560 3286 623 3344 sine
643 3284 706 3342 ullo
727 3304 780 3345 suo
800 3286 922 3361 vestigio
940 3287 1075 3363 periisse,
1095 3286 1154 3344 nisi
1172 3285 1250 3344 forte

124 3398 151 3455 si
169 3414 228 3453 non
246 3396 308 3471 ipse
330 3395 432 3465 codex,
454 3402 486 3457 at
505 3401 583 3452 certe
602 3394 734 3470 pleniora
748 3397 812 3456 eius
826 3402 965 3472 excerpta
978 3403 1096 3456 exstant
1102 3395 1140 3455 in
1152 3370 1250 3472 porti-

125 3505 200 3564 torio
223 3501 501 3574 schlettstadiensi,
529 3502 580 3563 ubi
600 3509 692 3569 totam
711 3504 845 3569 Rhenani
865 3505 1070 3565 bibliothecam
1090 3505 1251 3566 etiamnum

125 3614 238 3675 servari
252 3613 343 3673 tradit
357 3609 460 3670 Griine
474 3611 506 3669 in
519 3609 724 3676 Biedermanni
744 3615 852 3691 seripto
865 3624 1016 3674 menstruo
1031 3608 1125 3675 1843.
1140 3615 1251 3684 mensis

125 3724 204 3784 Iunii
223 3742 254 3802 p.
274 3718 346 3784 546.
380 3719 519 3780 Ceterum
538 3720 746 3800 Dalecampius
768 3725 890 3786 subinde
916 3726 1097 3787 coniecturas
1116 3723 1251 3784 Rhenani

126 3834 238 3905 laudat,
258 3833 302 3892 uti
321 3834 359 3891 ad
372 3829 402 3892 4.
419 3835 433 3901 ξ
450 3826 512 3903 96.,
534 3850 606 3907 quas
621 3834 757 3908 equidem
776 3833 807 3892 in
821 3834 956 3896 Rhenani
976 3834 1089 3911 scriptis
1109 3834 1169 3895 illis
1191 3852 1252 3894 nou

127 3943 234 4004 inveni.

171 4053 347 4113 Acoedimus
369 4054 406 4114 ad
421 4054 636 4131 Sipismundum
658 4053 814 4129 Gelonium,
837 4057 887 4133 qui
908 4076 974 4116 cum
994 4054 1156 4116 Hermolao
1177 4054 1251 4114 Bar·

130 4162 201 4223 baro
215 4163 405 4227 fundamenta
418 4163 549 4225 lectionis
564 4165 702 4240 vulgatae
717 4177 832 4245 praeter
846 4175 958 4227 ceteros
971 4157 1072 4228 iecisse
1087 4164 1251 4229 censendus
