2714 4710
166 291 226 354 1-16
513 302 717 349 nannenus
739 301 934 350 russorum

163 469 252 523 retur
274 466 304 520 et
328 456 399 520 talis
421 455 525 542 figura
546 476 672 539 semper
693 476 844 528 mucrone
858 453 994 518 deficiat.
1022 430 1140 537 Spatio
1151 452 1283 535 quidem
1297 474 1326 518 aa

164 557 309 623 consumi
330 556 459 620 umbras
480 555 597 618 indicio
619 566 693 618 sunt
713 556 877 620 volucrum
891 552 1024 639 praealti
1037 555 1181 633 volatus3
1205 577 1283 642 ergo
1345 594 1347 599 ,

56 732 64 737 ,
163 658 335 723 confinium
355 657 418 722 illis
440 666 488 720 est
509 655 591 719 aeris
614 656 768 720 terminus
789 655 980 736 initiumque
1000 654 1160 733 aetheris3
1184 677 1284 740 supra

162 760 271 825 lunam
292 780 373 842 pura
394 756 501 820 omnia
522 777 560 819 ac
582 754 752 820 diuturnae
772 757 855 822 lueis
875 757 979 840 plena.
1005 755 1039 819 A
1059 756 1152 822 nobis
1174 765 1283 820 autem

162 883 222 944 per
246 870 373 922 noctem
399 867 574 921 cernuntur
600 855 707 920 sidera
733 868 770 921 ut
794 856 918 939 reliqua
945 857 1066 922 lumina
1086 879 1105 922 e
1128 855 1281 934 tenebris,

163 970 196 1024 et
217 968 350 1043 propter
370 958 428 1021 bas
451 979 565 1021 causas
590 967 747 1021 nocturno
774 967 917 1040 tempore
943 958 1052 1022 deficit
1072 958 1158 1023 luna.
1196 955 1282 1022 Stati

164 1069 274 1125 autem
300 1069 398 1141 atque
425 1058 581 1122 menstrui
607 1079 671 1120 non
700 1068 774 1120 sunt
807 1059 936 1141 utrique
966 1058 1114 1124 defectus
1146 1068 1282 1144 propter

163 1159 386 1244 obliquitatem
414 1158 559 1246 signiferi
586 1158 745 1241 lunaeque
772 1159 974 1246 multivagos,
1007 1169 1045 1224 ut
1070 1160 1193 1224 dictum
1219 1168 1281 1236 est,

160 1260 280 1339 flexus,
315 1283 379 1325 non
411 1282 538 1343 semper
564 1259 596 1321 in
623 1258 771 1341 scripulis
798 1261 937 1345 partium
965 1269 1160 1348 congruente
1194 1259 1280 1325 side-

159 1384 232 1427 rum
253 1373 352 1426 motu.

203 1461 267 1524 XI.
304 1462 334 1525 8.
364 1461 456 1525 Haec
481 1461 563 1524 ratio
589 1461 731 1526 mortalis
757 1460 881 1525 animos
908 1461 1059 1526 subducit
1088 1463 1124 1526 in
1154 1460 1323 1527 caelumta

160 1585 200 1628 ac
220 1563 309 1628 velut
329 1563 404 1626 inde
426 1561 714 1647 contemplantibus
737 1562 833 1625 trium
853 1584 1074 1627 maxumarum
1092 1585 1202 1628 rerum
1218 1584 1278 1626 na-

162 1676 253 1730 turae
285 1665 426 1750 partium
459 1663 711 1750 magnitudinem
743 1663 876 1750 detegit
912 1663 986 1727 Non
1017 1674 1128 1748 posset
1159 1663 1280 1749 qnippe

161 1777 248 1830 totus
271 1768 317 1831 sol
339 1764 437 1828 adimi
460 1764 552 1829 terris
573 1763 791 1828 intercedente
812 1765 898 1842 luna,
922 1765 950 1829 si
971 1774 1057 1828 terra
1077 1765 1180 1828 maior
1194 1774 1281 1829 esset

161 1887 257 1950 quam
278 1868 362 1928 luna.
384 1865 495 1929 Tertia
516 1889 557 1929 ex
579 1875 715 1948 utroque
736 1865 871 1930 vastitas
893 1865 968 1930 solis
982 1866 1135 1951 aperitur,
1158 1852 1280 1930 nonsit

159 1977 198 2032 ut
224 1988 356 2030 necesse
382 1966 624 2051 amplitudinem
652 1967 721 2029 eius
755 1967 920 2031 oculorum
952 1967 1149 2054 argumentis
1181 1977 1280 2050 atque

161 2068 343 2133 coniectura
364 2066 461 2131 animi
483 2068 633 2130 scrutari:
664 2067 848 2132 inmensum
869 2090 950 2145 esse,
978 2067 1053 2152 quia
1074 2067 1225 2133 arborum
1245 2068 1324 2134 into

159 2167 315 2236 limitibus
341 2178 562 2252 porrectarum
589 2167 624 2230 in
658 2162 817 2250 quodibet
842 2191 997 2253 passuum
1027 2169 1116 2234 milia
1148 2169 1281 2235 umbras
1352 2178 1355 2183 ’

160 2269 294 2357 paribus
315 2268 412 2334 iaciat
432 2267 606 2333 intervallis
622 2278 785 2352 tamquam
800 2280 867 2333 toto
882 2271 987 2354 spatio
1001 2270 1138 2347 medius,
1155 2280 1190 2334 et
1203 2271 1282 2355 qnia

160 2396 220 2459 per
247 2370 484 2456 aequinoctium
511 2369 659 2467 omnibus
686 2370 720 2433 in
746 2369 923 2435 meridiana
943 2371 1040 2459 plaga
1061 2369 1281 2436 babitantibus
1317 2462 1330 2487 0

196 2554 228 2605 et,
241 2560 292 2594 om.
304 2547 334 2595 P.
353 2585 384 2593 -
407 2560 526 2603 mucrone,
542 2537 687 2593 R'OPad.
711 2541 737 2591 ia
752 2559 875 2604 mucrone,
892 2545 966 2594 R2T.
991 2538 1228 2605 inmacroaumrss.

195 2615 263 2675 548.
283 2612 387 2673 quidem,
403 2612 505 2660 RPad.
529 2610 617 2670 cedern,
634 2604 664 2659 θ.
688 2651 720 2658 ..
744 2611 848 2671 assumi,
864 2612 894 2660 P.
914 2652 945 2660 ..
965 2610 1045 2672 itlius,
1061 2613 1091 2661 Ρ.
1110 2652 1141 2660 ..
1160 2610 1280 2672 remmia,

160 2682 210 2731 ut,
228 2720 260 2727 -
280 2677 390 2736 diurnae,
402 2679 505 2726 Robert.
525 2717 556 2725 -
575 2692 596 2737 e,
608 2674 780 2740 a²(Robert‚)
803 2687 832 2738 et,
848 2679 945 2729 RPat
970 2679 1005 2739 ia,
1021 2679 1104 2730 TdK
1124 2719 1155 2726 ..
1174 2677 1281 2739 taetra,

160 2748 241 2796 P...
261 2741 494 2805 statueram,
506 2745 546 2792 a¹.
566 2743 663 2811 Statutr',
676 2746 789 2794 TPa²d.
808 2786 840 2793 -
858 2745 1038 2807 commonstrat,
1055 2746 1133 2796 BPa
1157 2746 1281 2806 namma,

161 2816 185 2863 d.
205 2854 237 2861 -
255 2813 306 2873 sed,
323 2828 345 2861 a
364 2853 396 2860 ..
414 2810 551 2873 rariusque,
568 2813 620 2861 Td.
639 2850 671 2858 ..
690 2809 816 2876 lunaeque,
832 2814 920 2863 R2an.
943 2814 1025 2875 lunae,
1041 2815 1091 2862 R'.
1114 2813 1281 2877 tmaaqmm,

160 2881 190 2931 Ρ.
209 2921 241 2929 ..
260 2878 350 2930 dictum
361 2889 402 2940 ast,
414 2881 429 2943 ξ
441 2885 482 2928 43.
495 2885 536 2928 44.
556 2919 587 2926 ..
605 2878 825 2942 amputarunt
843 2875 1101 2944 seopulie‚R¹P197.

195 2950 263 3012 §aa
281 2946 427 3008 mortalium,
446 2948 480 2997 K
499 2987 530 2994 -
550 2943 616 3006 inde,
637 2961 687 2994 om.
708 2946 737 2994 P.
757 2986 789 2994 -
807 2962 893 3007 remam,
914 2964 963 2997 om,
985 2950 1025 2996 a¹.
1043 2989 1075 2996 ..
1094 2946 1169 3011 degit,
1185 2949 1222 2998 (1¹.
1247 2987 1279 2996 ..

157 3033 237 3083 possa,
251 3031 274 3065 σ.
294 3057 325 3065 ..
344 3015 370 3065 ei
385 3026 452 3066 terra
464 3056 496 3064 -
508 3014 566 3064 luna
582 3029 633 3062 om.
651 3014 729 3062 mat.
751 3011 813 3062 lano
828 3013 909 3064 maior
923 3025 986 3064 esset
1002 3031 1075 3077 quam
1092 3023 1173 3076 terro,
1189 3014 1280 3065 Dalee.

161 3085 216 3136 Alii
227 3085 279 3135 alia
288 3092 442 3148 proponunt
461 3124 493 3132 ..
515 3082 540 3132 Τ
538 3080 609 3140 ertia,
621 3080 715 3131 Sabell.
727 3075 908 3131 atroam:
925 3079 1017 3143 Tertio,
1028 3096 1052 3130 σ.
1078 3079 1181 3142 Certior,
1196 3076 1227 3144 β.
1246 3122 1278 3149 .-

161 3159 269 3214 utroque,
290 3145 463 3201 RTPOaar.
490 3160 598 3213 citraque,
617 3142 667 3209 σβ.
695 3189 726 3196 ..
753 3146 821 3209 solis,
841 3151 878 3198 dl.
905 3149 965 3199 solia
985 3149 1104 3199 mulonem
1121 3147 1280 3212 circumeatis,

160 3219 265 3270 RPad’2
277 3215 416 3280 (Botere),
429 3231 494 3279 qnae
505 3219 581 3268 verba
591 3215 658 3264 infra
673 3223 826 3280 repetuntur.
844 3257 876 3265 ..
895 3215 1012 3281 apertur,
1028 3218 1131 3267 Robert
1149 3217 1280 3281 operietur,

161 3286 193 3334 R.
217 3284 365 3349 operiretur,
382 3286 406 3332 d.
432 3284 558 3346 aperlitur,
575 3300 597 3332 a
620 3284 765 3345 reperietur,
781 3285 811 3332 Ρ.
833 3284 905 3334 Pone
921 3285 987 3334 hanc
1004 3299 1092 3333 vocem
1109 3285 1136 3332 in
1153 3285 1240 3334 codice
1255 3284 1281 3334 B

161 3352 226 3400 haec
238 3358 377 3416 sequuntur
386 3351 487 3413 punctis
498 3350 656 3411 subscriptis:
669 3366 715 3399 aon
727 3349 762 3399 sit
776 3360 803 3400 at
820 3366 915 3401 necesse
931 3349 1115 3415 amplitudinem
1133 3353 1187 3401 eius
1203 3368 1280 3430 orga-

161 3432 248 3510 mentia
259 3434 391 3509 operietur,
404 3446 469 3494 quae
484 3438 579 3494 puncta
596 3445 704 3480 errorem
720 3433 815 3482 librarii
831 3436 863 3485 ab
878 3435 935 3498 ipso
947 3436 1063 3498 agnitum
1073 3435 1194 3484 indicant
1211 3437 1280 3485 Tum

164 3519 247 3566 denuo
259 3516 372 3579 pergitur
382 3516 409 3564 in
420 3516 501 3563 verbis
512 3528 560 3562 aon
577 3515 609 3563 sit
619 3523 650 3575 at,
661 3530 708 3578 pro
720 3517 811 3578 quibus
823 3513 934 3582 Padssr
946 3528 972 3568 ut
982 3536 1028 3568 aon
1047 3519 1080 3568 sit
1097 3520 1202 3568 habent
1222 3520 1279 3569 Ma·

161 3599 239 3647 gnam
247 3585 275 3632 in
282 3584 332 3634 hoo
339 3583 397 3631 loco
409 3582 577 3646 corruptelam
585 3584 730 3647 partimope
742 3586 864 3647 codicum,
876 3587 968 3650 partim
979 3601 1024 3650 per
1034 3588 1116 3650 ipsam
1128 3587 1280 3636 sententiam

160 3653 285 3702 invenisse
296 3651 360 3700 mihi
370 3651 472 3710 videor,
492 3657 522 3698 ut
531 3649 667 3712 legendum
679 3652 722 3701 sit:
740 3652 844 3704 vasatos
856 3653 914 3704 sotis
927 3653 1044 3703 ocabmm
1055 3655 1205 3719 oryameatt’a
1221 3669 1279 3718 ape-

161 3718 231 3779 ritur,
248 3734 296 3768 mon
311 3716 347 3765 sit
363 3727 389 3766 at
402 3733 498 3766 naceace
515 3715 697 3782 amplitudinem
713 3720 769 3768 eiua
786 3722 934 3787 argumentis
950 3727 1024 3784 atque
1046 3721 1186 3770 coauctam
1201 3719 1280 3770 animi

161 3786 277 3835 scrutari
298 3785 396 3834 Plinius
412 3784 508 3834 scilieet
523 3786 723 3848 magnitudinem
738 3794 830 3849 terrae,
847 3789 935 3847 lunae,
952 3789 1012 3838 solis
1030 3796 1223 3850 comparaturus
1233 3801 1280 3851 per

161 3854 238 3904 animi
250 3853 420 3901 coniecturam
436 3860 567 3916 aperuerat
577 3854 777 3916 magnitudinem
787 3855 864 3905 lunae
875 3863 901 3904 et
912 3864 1004 3916 terrae3
1025 3856 1076 3904 iam
1096 3855 1279 3918 transgreditur

161 3922 194 3968 ad
205 3922 399 3983 computandam
412 3922 611 3983 magnitudinem
623 3923 692 3982 solis,
704 3923 737 3970 ad
748 3936 825 3983 quam
836 3925 996 3972 scrutandam
1005 3938 1057 3972 non
1067 3938 1132 3987 opus
1141 3938 1196 3973 esse
1203 3936 1278 3985 argu·

119 4046 123 4055 .
160 3988 252 4036 mentis
264 4002 278 4036 e
289 3986 433 4040 coniectura
444 3989 521 4038 animi
532 3988 625 4052 petitis,
637 3989 723 4051 qualia
734 3998 864 4040 enumerat
875 3992 889 4053 ξ
903 3996 952 4051 50,
963 3990 1077 4040 sufficere
1088 3991 1174 4040 dicens
1191 3991 1278 4040 oeulo-

159 4067 217 4108 rum
228 4062 388 4117 argumenta,
405 4058 438 4105 ad
454 4069 518 4118 qnae
534 4057 716 4118 transgreditur
732 4057 746 4119 ξ
760 4062 799 4107 51.
817 4057 1019 4121 Repetitionibus
1031 4059 1109 4120 igitur
1119 4059 1278 4108 librariorum

159 4120 251 4184 ineptis
262 4122 379 4182 extrusis,
391 4124 435 4172 sed
447 4123 569 4186 scriptura
580 4124 695 4172 omnium
705 4123 827 4174 librorum
838 4126 978 4175 maximam
988 4132 1087 4188 purtem
1099 4133 1206 4186 servata,
1218 4141 1278 4175 con·

159 4188 270 4238 iacturae
286 4189 352 4238 nihil
363 4190 484 4249 dedimus,
496 4189 545 4239 nisi
556 4198 585 4238 ut
596 4204 689 4243 nomen
701 4191 818 4241 mamm
833 4193 872 4242 bis
888 4193 915 4241 in
932 4194 1005 4241 codd.
1017 4195 1130 4256 positum
1142 4194 1220 4243 semel
1233 4207 1278 4242 ex·

158 4255 317 4320 pelleremus.
330 4258 367 4306 Ea
377 4266 461 4306 autem
475 4266 629 4318 argumenta,
643 4271 707 4320 quae
716 4258 815 4309 Plinius
827 4261 842 4322 5
853 4265 892 4311 to.
905 4269 1044 4323 enumerat,
1055 4276 1109 4310 non
1122 4276 1155 4311 ex
1166 4261 1279 4310 oculiaet
