<?xml version="1.0" encoding="UTF-8"?>
<!DOCTYPE html PUBLIC "-//W3C//DTD XHTML 1.0 Transitional//EN"
    "http://www.w3.org/TR/xhtml1/DTD/xhtml1-transitional.dtd">
<html xmlns="http://www.w3.org/1999/xhtml" xml:lang="en" lang="en">
 <head>
  <title>
</title>
<meta http-equiv="Content-Type" content="text/html;charset=utf-8" />
  <meta name='ocr-system' content='tesseract 3.04.00' />
  <meta name='ocr-capabilities' content='ocr_page ocr_carea ocr_par ocr_line ocrx_word'/>
</head>
<body>
  <div class='ocr_page' id='page_1' title='image "./cplinisecundina00grongoog_0298.png"; bbox 0 0 2714 4710; ppageno 0'>
   <div class='ocr_carea' id='block_1_1' title="bbox 261 241 1196 313">
    <p class='ocr_par' dir='ltr' id='par_1_1' title="bbox 261 241 1196 313">
     <span class='ocr_line' id='line_1_1' title="bbox 261 241 1196 313; baseline 0.001 -1"><span class='ocrx_word' id='word_1_1' title='bbox 261 267 332 312; x_wconf 82' lang='lat' dir='ltr'>nm.</span> <span class='ocrx_word' id='word_1_2' title='bbox 347 268 384 313; x_wconf 92' lang='lat'>11.</span> <span class='ocrx_word' id='word_1_3' title='bbox 413 241 794 313; x_wconf 56' lang='lat' dir='ltr'>cursarii-uxum.</span> <span class='ocrx_word' id='word_1_4' title='bbox 825 264 921 313; x_wconf 80' lang='lat' dir='ltr'>sacr.</span> <span class='ocrx_word' id='word_1_5' title='bbox 937 265 1029 310; x_wconf 62' lang='grc' dir='ltr'><strong>Μ.</strong></span> <span class='ocrx_word' id='word_1_6' title='bbox 1137 249 1196 313; x_wconf 92' lang='lat'>181</span> 
     </span>
    </p>
   </div>
   <div class='ocr_carea' id='block_1_2' title="bbox 27 415 1263 2414">
    <p class='ocr_par' dir='ltr' id='par_1_2' title="bbox 78 415 1199 684">
     <span class='ocr_line' id='line_1_2' title="bbox 81 415 1199 500; baseline -0.004 -15"><span class='ocrx_word' id='word_1_7' title='bbox 81 419 171 485; x_wconf 87' lang='lat' dir='ltr'>circa</span> <span class='ocrx_word' id='word_1_8' title='bbox 190 416 366 483; x_wconf 85' lang='lat' dir='ltr'><strong>meridiem.</strong></span> <span class='ocrx_word' id='word_1_9' title='bbox 403 415 504 481; x_wconf 85' lang='lat' dir='ltr'>Fiunt</span> <span class='ocrx_word' id='word_1_10' title='bbox 532 426 564 481; x_wconf 91' lang='lat' dir='ltr'>et</span> <span class='ocrx_word' id='word_1_11' title='bbox 591 416 666 481; x_wconf 91' lang='lat' dir='ltr'>solis</span> <span class='ocrx_word' id='word_1_12' title='bbox 691 417 850 500; x_wconf 87' lang='lat' dir='ltr'>lunaeque</span> <span class='ocrx_word' id='word_1_13' title='bbox 872 415 1019 493; x_wconf 84' lang='lat' dir='ltr'>delectu,</span> <span class='ocrx_word' id='word_1_14' title='bbox 1050 416 1199 500; x_wconf 89' lang='lat' dir='ltr'>quoniam</span> 
     </span>
     <span class='ocr_line' id='line_1_3' title="bbox 81 516 1199 604; baseline 0 -22"><span class='ocrx_word' id='word_1_15' title='bbox 81 526 290 604; x_wconf 85' lang='lat' dir='ltr'>tempestates</span> <span class='ocrx_word' id='word_1_16' title='bbox 319 527 395 581; x_wconf 87' lang='lat' dir='ltr'>tunc</span> <span class='ocrx_word' id='word_1_17' title='bbox 423 516 607 601; x_wconf 88' lang='lat' dir='ltr'>sopiuntur,</span> <span class='ocrx_word' id='word_1_18' title='bbox 642 516 814 602; x_wconf 82' lang='lat' dir='ltr'>praecipue</span> <span class='ocrx_word' id='word_1_19' title='bbox 843 539 920 581; x_wconf 93' lang='lat' dir='ltr'>vero</span> <span class='ocrx_word' id='word_1_20' title='bbox 955 539 1030 581; x_wconf 91' lang='lat' dir='ltr'>cum</span> <span class='ocrx_word' id='word_1_21' title='bbox 1056 519 1199 602; x_wconf 87' lang='lat' dir='ltr'>sequitur</span> 
     </span>
     <span class='ocr_line' id='line_1_4' title="bbox 78 616 698 684; baseline -0.006 0"><span class='ocrx_word' id='word_1_22' title='bbox 78 619 219 684; x_wconf 87' lang='lat' dir='ltr'><strong>imbrem</strong></span> <span class='ocrx_word' id='word_1_23' title='bbox 245 626 355 682; x_wconf 86' lang='lat' dir='ltr'>aestus</span> <span class='ocrx_word' id='word_1_24' title='bbox 380 616 541 681; x_wconf 90' lang='lat' dir='ltr'>imbresve</span> <span class='ocrx_word' id='word_1_25' title='bbox 565 625 698 680; x_wconf 91' lang='lat' dir='ltr'>aestum.</span> 
     </span>
    </p>

    <p class='ocr_par' dir='ltr' id='par_1_3' title="bbox 27 716 1263 2414">
     <span class='ocr_line' id='line_1_5' title="bbox 124 716 1262 806; baseline -0.003 -24"><span class='ocrx_word' id='word_1_26' title='bbox 124 716 294 782; x_wconf 85' lang='lat' dir='ltr'>LXXXI.</span> <span class='ocrx_word' id='word_1_27' title='bbox 316 718 367 782; x_wconf 87' lang='grc'>83.</span> <span class='ocrx_word' id='word_1_28' title='bbox 389 716 586 806; x_wconf 81' lang='lat' dir='ltr'>Navigantes</span> <span class='ocrx_word' id='word_1_29' title='bbox 608 739 734 801; x_wconf 90' lang='lat' dir='ltr'>quoque</span> <span class='ocrx_word' id='word_1_30' title='bbox 753 718 895 782; x_wconf 86' lang='lat' dir='ltr'>sentiunt</span> <span class='ocrx_word' id='word_1_31' title='bbox 915 739 981 782; x_wconf 92' lang='lat' dir='ltr'>non</span> <span class='ocrx_word' id='word_1_32' title='bbox 1002 716 1101 783; x_wconf 87' lang='lat' dir='ltr'>dubia</span> <span class='ocrx_word' id='word_1_33' title='bbox 1122 736 1262 783; x_wconf 82' lang='lat' dir='ltr'>con-196</span> 
     </span>
     <span class='ocr_line' id='line_1_6' title="bbox 27 817 1200 904; baseline -0.001 -19"><span class='ocrx_word' id='word_1_34' title='bbox 27 863 30 867; x_wconf 87' lang='lat'>-</span> <span class='ocrx_word' id='word_1_35' title='bbox 78 820 219 897; x_wconf 90' lang='lat' dir='ltr'>iectura,</span> <span class='ocrx_word' id='word_1_36' title='bbox 246 819 315 884; x_wconf 89' lang='lat' dir='ltr'>sine</span> <span class='ocrx_word' id='word_1_37' title='bbox 340 817 419 883; x_wconf 89' lang='lat' dir='ltr'>flatu</span> <span class='ocrx_word' id='word_1_38' title='bbox 444 818 676 883; x_wconf 82' lang='lat' dir='ltr'>intumescente</span> <span class='ocrx_word' id='word_1_39' title='bbox 701 817 801 882; x_wconf 89' lang='lat' dir='ltr'>fluctu</span> <span class='ocrx_word' id='word_1_40' title='bbox 827 817 934 882; x_wconf 87' lang='lat' dir='ltr'>subito</span> <span class='ocrx_word' id='word_1_41' title='bbox 956 828 1012 885; x_wconf 91' lang='lat' dir='ltr'>aut</span> <span class='ocrx_word' id='word_1_42' title='bbox 1038 818 1200 904; x_wconf 83' lang='lat' dir='ltr'>quatiente</span> 
     </span>
     <span class='ocr_line' id='line_1_7' title="bbox 78 917 1200 1003; baseline -0.002 -19"><span class='ocrx_word' id='word_1_43' title='bbox 78 920 159 986; x_wconf 86' lang='lat' dir='ltr'>ictu.</span> <span class='ocrx_word' id='word_1_44' title='bbox 194 918 376 984; x_wconf 89' lang='lat' dir='ltr'>Intremunt</span> <span class='ocrx_word' id='word_1_45' title='bbox 402 940 479 984; x_wconf 91' lang='lat' dir='ltr'>vero</span> <span class='ocrx_word' id='word_1_46' title='bbox 508 919 600 983; x_wconf 90' lang='lat' dir='ltr'>etin</span> <span class='ocrx_word' id='word_1_47' title='bbox 626 917 760 984; x_wconf 89' lang='lat' dir='ltr'>navibus</span> <span class='ocrx_word' id='word_1_48' title='bbox 789 918 895 1003; x_wconf 89' lang='lat' dir='ltr'>posita</span> <span class='ocrx_word' id='word_1_49' title='bbox 922 940 1024 1001; x_wconf 87' lang='lat' dir='ltr'>aeque</span> <span class='ocrx_word' id='word_1_50' title='bbox 1050 940 1145 1002; x_wconf 87' lang='lat' dir='ltr'>quam</span> <span class='ocrx_word' id='word_1_51' title='bbox 1165 919 1200 982; x_wconf 92' lang='lat' dir='ltr'>in</span> 
     </span>
     <span class='ocr_line' id='line_1_8' title="bbox 80 1015 1199 1105; baseline -0.003 -18"><span class='ocrx_word' id='word_1_52' title='bbox 80 1015 245 1099; x_wconf 87' lang='lat' dir='ltr'>aedificiis,</span> <span class='ocrx_word' id='word_1_53' title='bbox 269 1019 457 1105; x_wconf 83' lang='lat' dir='ltr'>crepituque</span> <span class='ocrx_word' id='word_1_54' title='bbox 478 1020 720 1104; x_wconf 85' lang='lat' dir='ltr'>praenuntiant3</span> <span class='ocrx_word' id='word_1_55' title='bbox 744 1020 822 1103; x_wconf 91' lang='lat' dir='ltr'>quin</span> <span class='ocrx_word' id='word_1_56' title='bbox 844 1029 877 1084; x_wconf 90' lang='lat' dir='ltr'>et</span> <span class='ocrx_word' id='word_1_57' title='bbox 897 1018 1041 1099; x_wconf 60' lang='lat' dir='ltr'>volueres</span> <span class='ocrx_word' id='word_1_58' title='bbox 1062 1041 1128 1083; x_wconf 94' lang='lat' dir='ltr'>non</span> <span class='ocrx_word' id='word_1_59' title='bbox 1148 1019 1199 1084; x_wconf 92' lang='lat' dir='ltr'>in·</span> 
     </span>
     <span class='ocr_line' id='line_1_9' title="bbox 78 1120 1201 1208; baseline -0.001 -22"><span class='ocrx_word' id='word_1_60' title='bbox 78 1121 220 1208; x_wconf 63' lang='lat' dir='ltr'>pavidae</span> <span class='ocrx_word' id='word_1_61' title='bbox 242 1122 363 1188; x_wconf 88' lang='lat' dir='ltr'>sedent.</span> <span class='ocrx_word' id='word_1_62' title='bbox 400 1120 463 1184; x_wconf 86' lang='lat' dir='ltr'>Est</span> <span class='ocrx_word' id='word_1_63' title='bbox 490 1130 523 1184; x_wconf 90' lang='lat' dir='ltr'>et</span> <span class='ocrx_word' id='word_1_64' title='bbox 547 1121 691 1188; x_wconf 88' lang='lat' dir='ltr'>incaelo</span> <span class='ocrx_word' id='word_1_65' title='bbox 715 1120 842 1208; x_wconf 82' lang='lat' dir='ltr'>signum</span> <span class='ocrx_word' id='word_1_66' title='bbox 863 1120 1090 1205; x_wconf 86' lang='lat' dir='ltr'>praeceditque</span> <span class='ocrx_word' id='word_1_67' title='bbox 1111 1130 1201 1185; x_wconf 91' lang='lat' dir='ltr'>motu</span> 
     </span>
     <span class='ocr_line' id='line_1_10' title="bbox 80 1220 1200 1307; baseline -0.002 -21"><span class='ocrx_word' id='word_1_68' title='bbox 80 1222 194 1287; x_wconf 86' lang='lat' dir='ltr'>futuro</span> <span class='ocrx_word' id='word_1_69' title='bbox 220 1231 277 1286; x_wconf 90' lang='lat' dir='ltr'>aut</span> <span class='ocrx_word' id='word_1_70' title='bbox 303 1220 443 1286; x_wconf 84' lang='lat' dir='ltr'>interdiu</span> <span class='ocrx_word' id='word_1_71' title='bbox 470 1230 526 1285; x_wconf 91' lang='lat' dir='ltr'>aut</span> <span class='ocrx_word' id='word_1_72' title='bbox 550 1222 646 1307; x_wconf 87' lang='lat' dir='ltr'>paulo</span> <span class='ocrx_word' id='word_1_73' title='bbox 677 1232 753 1307; x_wconf 92' lang='lat' dir='ltr'>post</span> <span class='ocrx_word' id='word_1_74' title='bbox 779 1244 929 1286; x_wconf 85' lang='lat' dir='ltr'>occasum</span> <span class='ocrx_word' id='word_1_75' title='bbox 955 1239 1066 1286; x_wconf 88' lang='lat' dir='ltr'>sereno</span> <span class='ocrx_word' id='word_1_76' title='bbox 1095 1220 1200 1286; x_wconf 89' lang='lat' dir='ltr'>tenuis</span> 
     </span>
     <span class='ocr_line' id='line_1_11' title="bbox 81 1321 1200 1410; baseline -0.003 -22"><span class='ocrx_word' id='word_1_77' title='bbox 81 1344 146 1388; x_wconf 83' lang='lat' dir='ltr'>ceu</span> <span class='ocrx_word' id='word_1_78' title='bbox 166 1321 260 1400; x_wconf 86' lang='lat' dir='ltr'>linia,</span> <span class='ocrx_word' id='word_1_79' title='bbox 282 1323 369 1388; x_wconf 90' lang='lat' dir='ltr'>nube</span> <span class='ocrx_word' id='word_1_80' title='bbox 389 1323 423 1386; x_wconf 94' lang='lat' dir='ltr'>in</span> <span class='ocrx_word' id='word_1_81' title='bbox 443 1324 575 1410; x_wconf 86' lang='lat' dir='ltr'>longum</span> <span class='ocrx_word' id='word_1_82' title='bbox 595 1332 743 1406; x_wconf 87' lang='lat' dir='ltr'>porrecta</span> <span class='ocrx_word' id='word_1_83' title='bbox 765 1323 912 1408; x_wconf 89' lang='lat' dir='ltr'>spatium.</span> <span class='ocrx_word' id='word_1_84' title='bbox 947 1321 1010 1384; x_wconf 85' lang='lat' dir='ltr'>Est</span> <span class='ocrx_word' id='word_1_85' title='bbox 1032 1321 1117 1386; x_wconf 88' lang='lat' dir='ltr'>etin</span> <span class='ocrx_word' id='word_1_86' title='bbox 1138 1343 1200 1405; x_wconf 93' lang='lat' dir='ltr'>pu-</span> 
     </span>
     <span class='ocr_line' id='line_1_12' title="bbox 81 1421 1262 1506; baseline -0.006 -18"><span class='ocrx_word' id='word_1_87' title='bbox 81 1423 145 1488; x_wconf 88' lang='lat' dir='ltr'>teis</span> <span class='ocrx_word' id='word_1_88' title='bbox 161 1422 317 1488; x_wconf 88' lang='lat' dir='ltr'>turbidior</span> <span class='ocrx_word' id='word_1_89' title='bbox 331 1444 415 1506; x_wconf 86' lang='lat' dir='ltr'>aqua</span> <span class='ocrx_word' id='word_1_90' title='bbox 429 1445 490 1488; x_wconf 90' lang='lat' dir='ltr'>nec</span> <span class='ocrx_word' id='word_1_91' title='bbox 505 1422 573 1486; x_wconf 88' lang='lat' dir='ltr'>sine</span> <span class='ocrx_word' id='word_1_92' title='bbox 588 1422 694 1488; x_wconf 91' lang='lat' dir='ltr'>odoris</span> <span class='ocrx_word' id='word_1_93' title='bbox 709 1423 830 1498; x_wconf 85' lang='lat' dir='ltr'>taedi03</span> <span class='ocrx_word' id='word_1_94' title='bbox 849 1421 1036 1486; x_wconf 87' lang='lat' dir='ltr'>LXXXII.</span> <span class='ocrx_word' id='word_1_95' title='bbox 1052 1421 1103 1485; x_wconf 87' lang='grc'>84.</span> <span class='ocrx_word' id='word_1_96' title='bbox 1119 1421 1201 1487; x_wconf 88' lang='lat' dir='ltr'>sicut</span> <span class='ocrx_word' id='word_1_97' title='bbox 1216 1435 1262 1481; x_wconf 81' lang='lat'>197</span> 
     </span>
     <span class='ocr_line' id='line_1_13' title="bbox 79 1521 1200 1608; baseline -0.004 -20"><span class='ocrx_word' id='word_1_98' title='bbox 79 1522 118 1588; x_wconf 93' lang='lat' dir='ltr'>in</span> <span class='ocrx_word' id='word_1_99' title='bbox 138 1522 254 1589; x_wconf 91' lang='lat' dir='ltr'>iisdem</span> <span class='ocrx_word' id='word_1_100' title='bbox 275 1533 325 1588; x_wconf 90' lang='lat' dir='ltr'>est</span> <span class='ocrx_word' id='word_1_101' title='bbox 351 1522 544 1600; x_wconf 91' lang='lat' dir='ltr'>remedium,</span> <span class='ocrx_word' id='word_1_102' title='bbox 573 1523 667 1605; x_wconf 87' lang='lat' dir='ltr'>quale</span> <span class='ocrx_word' id='word_1_103' title='bbox 693 1534 726 1588; x_wconf 91' lang='lat' dir='ltr'>et</span> <span class='ocrx_word' id='word_1_104' title='bbox 754 1523 858 1590; x_wconf 87' lang='lat' dir='ltr'>crebri</span> <span class='ocrx_word' id='word_1_105' title='bbox 885 1545 1000 1608; x_wconf 82' lang='lat' dir='ltr'>specus</span> <span class='ocrx_word' id='word_1_106' title='bbox 1026 1521 1183 1606; x_wconf 88' lang='lat' dir='ltr'>praebent</span> <span class='ocrx_word' id='word_1_107' title='bbox 1190 1545 1200 1597; x_wconf 91' lang='lat'>;</span> 
     </span>
     <span class='ocr_line' id='line_1_14' title="bbox 82 1621 1202 1710; baseline -0.003 -21"><span class='ocrx_word' id='word_1_108' title='bbox 82 1634 275 1710; x_wconf 79' lang='lat' dir='ltr'>conceptum</span> <span class='ocrx_word' id='word_1_109' title='bbox 303 1624 389 1689; x_wconf 91' lang='lat' dir='ltr'>enim</span> <span class='ocrx_word' id='word_1_110' title='bbox 417 1622 564 1708; x_wconf 89' lang='lat' dir='ltr'>spiritum</span> <span class='ocrx_word' id='word_1_111' title='bbox 594 1623 761 1700; x_wconf 84' lang='lat' dir='ltr'>exhalant,</span> <span class='ocrx_word' id='word_1_112' title='bbox 793 1622 879 1706; x_wconf 90' lang='lat' dir='ltr'>quod</span> <span class='ocrx_word' id='word_1_113' title='bbox 907 1623 940 1687; x_wconf 92' lang='lat' dir='ltr'>in</span> <span class='ocrx_word' id='word_1_114' title='bbox 970 1621 1045 1686; x_wconf 88' lang='lat' dir='ltr'>totis</span> <span class='ocrx_word' id='word_1_115' title='bbox 1073 1630 1202 1686; x_wconf 84' lang='lat' dir='ltr'>notatur</span> 
     </span>
     <span class='ocr_line' id='line_1_15' title="bbox 80 1719 1201 1810; baseline -0.004 -22"><span class='ocrx_word' id='word_1_116' title='bbox 80 1723 227 1810; x_wconf 85' lang='lat' dir='ltr'>oppidis3</span> <span class='ocrx_word' id='word_1_117' title='bbox 254 1723 360 1789; x_wconf 90' lang='lat' dir='ltr'>minus</span> <span class='ocrx_word' id='word_1_118' title='bbox 387 1724 575 1808; x_wconf 88' lang='lat' dir='ltr'>quatiuntur</span> <span class='ocrx_word' id='word_1_119' title='bbox 602 1724 720 1789; x_wconf 87' lang='lat' dir='ltr'>crebris</span> <span class='ocrx_word' id='word_1_120' title='bbox 742 1722 784 1786; x_wconf 89' lang='lat' dir='ltr'>ad</span> <span class='ocrx_word' id='word_1_121' title='bbox 809 1721 946 1787; x_wconf 84' lang='lat' dir='ltr'>eluviem</span> <span class='ocrx_word' id='word_1_122' title='bbox 968 1719 1124 1786; x_wconf 90' lang='lat' dir='ltr'>cuniculis</span> <span class='ocrx_word' id='word_1_123' title='bbox 1146 1743 1201 1785; x_wconf 86' lang='lat' dir='ltr'>oa-</span> 
     </span>
     <span class='ocr_line' id='line_1_16' title="bbox 81 1819 1200 1907; baseline -0.005 -19"><span class='ocrx_word' id='word_1_124' title='bbox 81 1833 169 1888; x_wconf 88' lang='lat' dir='ltr'>vata.</span> <span class='ocrx_word' id='word_1_125' title='bbox 203 1822 374 1907; x_wconf 89' lang='lat' dir='ltr'>Multoque</span> <span class='ocrx_word' id='word_1_126' title='bbox 403 1833 478 1889; x_wconf 89' lang='lat' dir='ltr'>sunt</span> <span class='ocrx_word' id='word_1_127' title='bbox 506 1824 623 1889; x_wconf 89' lang='lat' dir='ltr'>tutiora</span> <span class='ocrx_word' id='word_1_128' title='bbox 650 1825 684 1888; x_wconf 93' lang='lat' dir='ltr'>in</span> <span class='ocrx_word' id='word_1_129' title='bbox 709 1822 824 1888; x_wconf 92' lang='lat' dir='ltr'>iisdem</span> <span class='ocrx_word' id='word_1_130' title='bbox 849 1821 912 1888; x_wconf 92' lang='lat' dir='ltr'>illis</span> <span class='ocrx_word' id='word_1_131' title='bbox 940 1843 1022 1907; x_wconf 88' lang='lat' dir='ltr'>quae</span> <span class='ocrx_word' id='word_1_132' title='bbox 1046 1819 1200 1906; x_wconf 91' lang='lat' dir='ltr'>pendent,</span> 
     </span>
     <span class='ocr_line' id='line_1_17' title="bbox 82 1920 1201 2010; baseline -0.004 -21"><span class='ocrx_word' id='word_1_133' title='bbox 82 1924 170 1989; x_wconf 86' lang='lat' dir='ltr'>sicut</span> <span class='ocrx_word' id='word_1_134' title='bbox 193 1922 329 2009; x_wconf 86' lang='lat' dir='ltr'>Neapoli</span> <span class='ocrx_word' id='word_1_135' title='bbox 357 1923 392 1988; x_wconf 94' lang='lat' dir='ltr'>in</span> <span class='ocrx_word' id='word_1_136' title='bbox 417 1924 510 1991; x_wconf 89' lang='lat' dir='ltr'>Italia</span> <span class='ocrx_word' id='word_1_137' title='bbox 537 1923 749 2010; x_wconf 85' lang='lat' dir='ltr'>intellegitur,</span> <span class='ocrx_word' id='word_1_138' title='bbox 776 1933 868 2008; x_wconf 88' lang='lat' dir='ltr'>parte</span> <span class='ocrx_word' id='word_1_139' title='bbox 895 1923 962 1989; x_wconf 91' lang='lat' dir='ltr'>eius</span> <span class='ocrx_word' id='word_1_140' title='bbox 989 1944 1073 2005; x_wconf 88' lang='lat' dir='ltr'>quae</span> <span class='ocrx_word' id='word_1_141' title='bbox 1100 1920 1201 1986; x_wconf 85' lang='lat' dir='ltr'>solida</span> 
     </span>
     <span class='ocr_line' id='line_1_18' title="bbox 82 2021 1200 2091; baseline -0.006 0"><span class='ocrx_word' id='word_1_142' title='bbox 82 2024 198 2091; x_wconf 89' lang='lat' dir='ltr'>estad</span> <span class='ocrx_word' id='word_1_143' title='bbox 219 2024 291 2090; x_wconf 89' lang='lat' dir='ltr'>talis</span> <span class='ocrx_word' id='word_1_144' title='bbox 313 2046 408 2089; x_wconf 89' lang='lat' dir='ltr'>casus</span> <span class='ocrx_word' id='word_1_145' title='bbox 429 2024 575 2091; x_wconf 88' lang='lat' dir='ltr'>obnoxia.</span> <span class='ocrx_word' id='word_1_146' title='bbox 612 2024 780 2089; x_wconf 84' lang='lat' dir='ltr'>Tutissimi</span> <span class='ocrx_word' id='word_1_147' title='bbox 801 2033 876 2087; x_wconf 90' lang='lat' dir='ltr'>sunt</span> <span class='ocrx_word' id='word_1_148' title='bbox 897 2023 1112 2088; x_wconf 88' lang='lat' dir='ltr'>aedificiorum</span> <span class='ocrx_word' id='word_1_149' title='bbox 1134 2021 1200 2087; x_wconf 85' lang='lat' dir='ltr'>for-</span> 
     </span>
     <span class='ocr_line' id='line_1_19' title="bbox 80 2122 1200 2220; baseline -0.004 -30"><span class='ocrx_word' id='word_1_150' title='bbox 80 2125 188 2205; x_wconf 91' lang='lat' dir='ltr'>nices,</span> <span class='ocrx_word' id='word_1_151' title='bbox 216 2124 328 2220; x_wconf 66' lang='lat' dir='ltr'>apguli</span> <span class='ocrx_word' id='word_1_152' title='bbox 354 2147 481 2210; x_wconf 90' lang='lat' dir='ltr'>qnoque</span> <span class='ocrx_word' id='word_1_153' title='bbox 506 2127 665 2211; x_wconf 88' lang='lat' dir='ltr'>parietum</span> <span class='ocrx_word' id='word_1_154' title='bbox 691 2135 866 2212; x_wconf 87' lang='lat' dir='ltr'>postesque</span> <span class='ocrx_word' id='word_1_155' title='bbox 890 2125 1011 2189; x_wconf 87' lang='lat' dir='ltr'>alterno</span> <span class='ocrx_word' id='word_1_156' title='bbox 1032 2122 1127 2209; x_wconf 92' lang='lat' dir='ltr'>pulsu</span> <span class='ocrx_word' id='word_1_157' title='bbox 1147 2144 1200 2187; x_wconf 88' lang='lat' dir='ltr'>re-</span> 
     </span>
     <span class='ocr_line' id='line_1_20' title="bbox 82 2225 1200 2312; baseline -0.001 -23"><span class='ocrx_word' id='word_1_158' title='bbox 82 2227 225 2304; x_wconf 85' lang='lat' dir='ltr'>nitente3</span> <span class='ocrx_word' id='word_1_159' title='bbox 255 2236 288 2291; x_wconf 92' lang='lat' dir='ltr'>et</span> <span class='ocrx_word' id='word_1_160' title='bbox 312 2226 412 2291; x_wconf 89' lang='lat' dir='ltr'>latere</span> <span class='ocrx_word' id='word_1_161' title='bbox 439 2237 564 2292; x_wconf 88' lang='lat' dir='ltr'>terreno</span> <span class='ocrx_word' id='word_1_162' title='bbox 592 2227 670 2291; x_wconf 86' lang='lat' dir='ltr'>facti</span> <span class='ocrx_word' id='word_1_163' title='bbox 695 2227 835 2312; x_wconf 88' lang='lat' dir='ltr'>parietes</span> <span class='ocrx_word' id='word_1_164' title='bbox 863 2225 985 2290; x_wconf 89' lang='lat' dir='ltr'>minore</span> <span class='ocrx_word' id='word_1_165' title='bbox 1010 2246 1096 2306; x_wconf 57' lang='lat' dir='ltr'>nora</span> <span class='ocrx_word' id='word_1_166' title='bbox 1121 2245 1200 2306; x_wconf 86' lang='lat' dir='ltr'>qua-</span> 
     </span>
     <span class='ocr_line' id='line_1_21' title="bbox 83 2323 1263 2414; baseline -0.006 -24"><span class='ocrx_word' id='word_1_167' title='bbox 83 2326 216 2391; x_wconf 90' lang='lat' dir='ltr'>tiuntur.</span> <span class='ocrx_word' id='word_1_168' title='bbox 243 2323 367 2414; x_wconf 89' lang='lat' dir='ltr'>Magna</span> <span class='ocrx_word' id='word_1_169' title='bbox 385 2327 566 2393; x_wconf 85' lang='lat' dir='ltr'>differentia</span> <span class='ocrx_word' id='word_1_170' title='bbox 585 2337 635 2392; x_wconf 90' lang='lat' dir='ltr'>est</span> <span class='ocrx_word' id='word_1_171' title='bbox 654 2328 739 2392; x_wconf 91' lang='lat' dir='ltr'>etin</span> <span class='ocrx_word' id='word_1_172' title='bbox 758 2327 829 2411; x_wconf 90' lang='lat' dir='ltr'>ipso</span> <span class='ocrx_word' id='word_1_173' title='bbox 849 2324 968 2413; x_wconf 78' lang='lat' dir='ltr'>genere</span> <span class='ocrx_word' id='word_1_174' title='bbox 989 2333 1105 2411; x_wconf 68' lang='lat' dir='ltr'>motus,</span> <span class='ocrx_word' id='word_1_175' title='bbox 1127 2325 1200 2408; x_wconf 92' lang='lat' dir='ltr'>plu·</span> <span class='ocrx_word' id='word_1_176' title='bbox 1217 2339 1263 2384; x_wconf 81' lang='lat' dir='ltr'>res</span> 
     </span>
    </p>
   </div>
   <div class='ocr_carea' id='block_1_3' title="bbox 82 2421 1202 2813">
    <p class='ocr_par' dir='ltr' id='par_1_4' title="bbox 82 2421 1202 2813">
     <span class='ocr_line' id='line_1_22' title="bbox 82 2421 1202 2512; baseline -0.004 -22"><span class='ocrx_word' id='word_1_177' title='bbox 82 2425 173 2491; x_wconf 90' lang='lat' dir='ltr'>ribus</span> <span class='ocrx_word' id='word_1_178' title='bbox 195 2425 354 2511; x_wconf 90' lang='lat' dir='ltr'>siquidem</span> <span class='ocrx_word' id='word_1_179' title='bbox 380 2428 482 2493; x_wconf 88' lang='lat' dir='ltr'>modis</span> <span class='ocrx_word' id='word_1_180' title='bbox 510 2428 661 2512; x_wconf 86' lang='lat' dir='ltr'>quatitur.</span> <span class='ocrx_word' id='word_1_181' title='bbox 698 2425 911 2492; x_wconf 87' lang='lat' dir='ltr'>Tutissimum</span> <span class='ocrx_word' id='word_1_182' title='bbox 932 2433 981 2491; x_wconf 92' lang='lat' dir='ltr'>est</span> <span class='ocrx_word' id='word_1_183' title='bbox 1003 2444 1076 2489; x_wconf 88' lang='lat' dir='ltr'>cum</span> <span class='ocrx_word' id='word_1_184' title='bbox 1096 2421 1202 2489; x_wconf 83' lang='lat' dir='ltr'>vibrat</span> 
     </span>
     <span class='ocr_line' id='line_1_23' title="bbox 83 2523 1201 2613; baseline -0.004 -21"><span class='ocrx_word' id='word_1_185' title='bbox 83 2527 244 2612; x_wconf 90' lang='lat' dir='ltr'>crispante</span> <span class='ocrx_word' id='word_1_186' title='bbox 271 2527 487 2592; x_wconf 87' lang='lat' dir='ltr'>aedificiorum</span> <span class='ocrx_word' id='word_1_187' title='bbox 513 2527 639 2612; x_wconf 89' lang='lat' dir='ltr'>crepitu</span> <span class='ocrx_word' id='word_1_188' title='bbox 661 2536 694 2592; x_wconf 92' lang='lat' dir='ltr'>et</span> <span class='ocrx_word' id='word_1_189' title='bbox 720 2549 793 2592; x_wconf 92' lang='lat' dir='ltr'>cum</span> <span class='ocrx_word' id='word_1_190' title='bbox 818 2525 1001 2592; x_wconf 88' lang='lat' dir='ltr'>intumescit</span> <span class='ocrx_word' id='word_1_191' title='bbox 1024 2523 1201 2613; x_wconf 85' lang='lat' dir='ltr'>adsurgens</span> 
     </span>
     <span class='ocr_line' id='line_1_24' title="bbox 83 2626 1202 2712; baseline -0.002 -20"><span class='ocrx_word' id='word_1_192' title='bbox 83 2627 270 2712; x_wconf 85' lang='lat' dir='ltr'>alternoque</span> <span class='ocrx_word' id='word_1_193' title='bbox 287 2638 377 2694; x_wconf 88' lang='lat' dir='ltr'>motu</span> <span class='ocrx_word' id='word_1_194' title='bbox 394 2627 516 2705; x_wconf 90' lang='lat' dir='ltr'>residit,</span> <span class='ocrx_word' id='word_1_195' title='bbox 538 2628 703 2693; x_wconf 88' lang='lat' dir='ltr'>innoxium</span> <span class='ocrx_word' id='word_1_196' title='bbox 724 2639 757 2694; x_wconf 92' lang='lat' dir='ltr'>et</span> <span class='ocrx_word' id='word_1_197' title='bbox 779 2650 852 2695; x_wconf 91' lang='lat' dir='ltr'>cum</span> <span class='ocrx_word' id='word_1_198' title='bbox 873 2626 1095 2694; x_wconf 85' lang='lat' dir='ltr'>concurrentia</span> <span class='ocrx_word' id='word_1_199' title='bbox 1110 2635 1202 2692; x_wconf 73' lang='lat' dir='ltr'>‘tecta</span> 
     </span>
     <span class='ocr_line' id='line_1_25' title="bbox 85 2726 1199 2813; baseline -0.003 -20"><span class='ocrx_word' id='word_1_200' title='bbox 85 2728 244 2794; x_wconf 79' lang='lat' dir='ltr'>contrmio</span> <span class='ocrx_word' id='word_1_201' title='bbox 265 2726 332 2794; x_wconf 90' lang='lat' dir='ltr'>ictu</span> <span class='ocrx_word' id='word_1_202' title='bbox 353 2728 503 2808; x_wconf 85' lang='lat' dir='ltr'>arietant,</span> <span class='ocrx_word' id='word_1_203' title='bbox 534 2729 683 2813; x_wconf 88' lang='lat' dir='ltr'>quoniam</span> <span class='ocrx_word' id='word_1_204' title='bbox 704 2728 784 2798; x_wconf 84' lang='lat' dir='ltr'>alter</span> <span class='ocrx_word' id='word_1_205' title='bbox 803 2739 909 2795; x_wconf 89' lang='lat' dir='ltr'>motus</span> <span class='ocrx_word' id='word_1_206' title='bbox 931 2728 1022 2795; x_wconf 88' lang='lat' dir='ltr'>alteri</span> <span class='ocrx_word' id='word_1_207' title='bbox 1042 2727 1199 2794; x_wconf 89' lang='lat' dir='ltr'>renititur.</span> 
     </span>
    </p>
   </div>
   <div class='ocr_carea' id='block_1_4' title="bbox 80 2874 1270 4344">
    <p class='ocr_par' dir='ltr' id='par_1_5' title="bbox 80 2874 1270 3407">
     <span class='ocr_line' id='line_1_26' title="bbox 81 2874 1200 2940; baseline -0.003 -16"><span class='ocrx_word' id='word_1_208' title='bbox 81 2875 176 2940; x_wconf 82' lang='lat' dir='ltr'>poeitae</span> <span class='ocrx_word' id='word_1_209' title='bbox 187 2890 240 2938; x_wconf 78' lang='lat' dir='ltr'>que,</span> <span class='ocrx_word' id='word_1_210' title='bbox 251 2875 284 2925; x_wconf 86' lang='grc' dir='ltr'><strong>Δ.</strong></span> <span class='ocrx_word' id='word_1_211' title='bbox 302 2876 369 2926; x_wconf 84' lang='lat' dir='ltr'>Vooi</span> <span class='ocrx_word' id='word_1_212' title='bbox 385 2891 460 2937; x_wconf 82' lang='lat' dir='ltr'>aeque</span> <span class='ocrx_word' id='word_1_213' title='bbox 475 2877 672 2940; x_wconf 84' lang='lat' dir='ltr'>suprascriptum</span> <span class='ocrx_word' id='word_1_214' title='bbox 687 2884 725 2926; x_wconf 88' lang='lat' dir='ltr'>est</span> <span class='ocrx_word' id='word_1_215' title='bbox 740 2885 789 2925; x_wconf 82' lang='lat' dir='ltr'>tem</span> <span class='ocrx_word' id='word_1_216' title='bbox 804 2877 831 2924; x_wconf 92' lang='lat' dir='ltr'>in</span> <span class='ocrx_word' id='word_1_217' title='bbox 847 2876 880 2924; x_wconf 89' lang='lat' dir='ltr'>R.</span> <span class='ocrx_word' id='word_1_218' title='bbox 898 2915 930 2924; x_wconf 71' lang='grc'><strong>-</strong></span> <span class='ocrx_word' id='word_1_219' title='bbox 946 2874 1129 2938; x_wconf 79' lang='lat' dir='ltr'>praenuntiant,</span> <span class='ocrx_word' id='word_1_220' title='bbox 1147 2874 1200 2923; x_wconf 89' lang='lat' dir='ltr'>Aa.</span> 
     </span>
     <span class='ocr_line' id='line_1_27' title="bbox 80 2939 1202 3007; baseline -0.005 -17"><span class='ocrx_word' id='word_1_221' title='bbox 80 2941 252 3007; x_wconf 73' lang='lat' dir='ltr'>pronumicrtt,</span> <span class='ocrx_word' id='word_1_222' title='bbox 264 2943 317 2992; x_wconf 86' lang='lat' dir='ltr'>Rd.</span> <span class='ocrx_word' id='word_1_223' title='bbox 337 2983 369 2991; x_wconf 87' lang='lat'>..</span> <span class='ocrx_word' id='word_1_224' title='bbox 391 2943 483 3003; x_wconf 85' lang='lat' dir='ltr'>sedent,</span> <span class='ocrx_word' id='word_1_225' title='bbox 495 2943 583 2992; x_wconf 85' lang='lat' dir='ltr'>RAa²</span> <span class='ocrx_word' id='word_1_226' title='bbox 600 2940 690 3004; x_wconf 85' lang='lat' dir='ltr'>(fuisse</span> <span class='ocrx_word' id='word_1_227' title='bbox 705 2944 803 2992; x_wconf 87' lang='lat' dir='ltr'>videtur</span> <span class='ocrx_word' id='word_1_228' title='bbox 819 2939 942 3002; x_wconf 82' lang='lat' dir='ltr'>sedentes)</span> <span class='ocrx_word' id='word_1_229' title='bbox 959 2941 1062 2990; x_wconf 86' lang='lat' dir='ltr'>Robert.</span> <span class='ocrx_word' id='word_1_230' title='bbox 1084 2941 1202 2998; x_wconf 79' lang='lat' dir='ltr'>sedentes,</span> 
     </span>
     <span class='ocr_line' id='line_1_28' title="bbox 88 3000 1270 3072; baseline -0.002 -17"><span class='ocrx_word' id='word_1_231' title='bbox 88 3001 192 3072; x_wconf 70' lang='lat' dir='ltr'>duty.</span> <span class='ocrx_word' id='word_1_232' title='bbox 214 3048 246 3057; x_wconf 86' lang='grc'>-</span> <span class='ocrx_word' id='word_1_233' title='bbox 268 3007 327 3070; x_wconf 81' lang='lat' dir='ltr'>Est,</span> <span class='ocrx_word' id='word_1_234' title='bbox 344 3009 407 3060; x_wconf 91' lang='grc' dir='ltr'><strong>ΒΑ.</strong></span> <span class='ocrx_word' id='word_1_235' title='bbox 431 3006 488 3070; x_wconf 85' lang='lat' dir='ltr'>Sed,</span> <span class='ocrx_word' id='word_1_236' title='bbox 511 3009 587 3060; x_wconf 86' lang='lat' dir='ltr'>Sa²r.</span> <span class='ocrx_word' id='word_1_237' title='bbox 615 3010 703 3060; x_wconf 88' lang='lat' dir='ltr'>Omitt.</span> <span class='ocrx_word' id='word_1_238' title='bbox 726 3000 837 3056; x_wconf 74' lang='lat' dir='ltr'>OTa¹d</span> <span class='ocrx_word' id='word_1_239' title='bbox 855 3008 927 3055; x_wconf 85' lang='lat' dir='ltr'>Haec</span> <span class='ocrx_word' id='word_1_240' title='bbox 942 3007 1071 3055; x_wconf 88' lang='lat' dir='ltr'>transtulit</span> <span class='ocrx_word' id='word_1_241' title='bbox 1086 3006 1152 3054; x_wconf 90' lang='lat' dir='ltr'>Plin.</span> <span class='ocrx_word' id='word_1_242' title='bbox 1170 3020 1203 3053; x_wconf 83' lang='lat' dir='ltr'>ex</span> <span class='ocrx_word' id='word_1_243' title='bbox 1268 3065 1270 3069; x_wconf 28' lang='grc' dir='ltr'>Ι</span> 
     </span>
     <span class='ocr_line' id='line_1_29' title="bbox 84 3071 1202 3139; baseline -0.006 -13"><span class='ocrx_word' id='word_1_244' title='bbox 84 3075 165 3126; x_wconf 86' lang='lat' dir='ltr'>Arist.</span> <span class='ocrx_word' id='word_1_245' title='bbox 182 3077 289 3126; x_wconf 84' lang='lat' dir='ltr'>Meteor.</span> <span class='ocrx_word' id='word_1_246' title='bbox 307 3082 331 3136; x_wconf 78' lang='lat'>2,</span> <span class='ocrx_word' id='word_1_247' title='bbox 344 3082 368 3126; x_wconf 86' lang='grc'><strong>8.</strong></span> <span class='ocrx_word' id='word_1_248' title='bbox 384 3091 409 3139; x_wconf 90' lang='lat' dir='ltr'>p.</span> <span class='ocrx_word' id='word_1_249' title='bbox 431 3075 506 3136; x_wconf 76' lang='lat' dir='ltr'>autb,</span> <span class='ocrx_word' id='word_1_250' title='bbox 525 3079 547 3125; x_wconf 87' lang='grc'>7.</span> <span class='ocrx_word' id='word_1_251' title='bbox 571 3115 603 3124; x_wconf 86' lang='lat'>..</span> <span class='ocrx_word' id='word_1_252' title='bbox 621 3073 806 3139; x_wconf 81' lang='lat' dir='ltr'>praeceditque,</span> <span class='ocrx_word' id='word_1_253' title='bbox 822 3073 929 3122; x_wconf 82' lang='lat' dir='ltr'>RAad.</span> <span class='ocrx_word' id='word_1_254' title='bbox 954 3071 1091 3136; x_wconf 82' lang='lat' dir='ltr'>praeeedit,</span> <span class='ocrx_word' id='word_1_255' title='bbox 1109 3072 1151 3122; x_wconf 82' lang='lat' dir='ltr'>Sr.</span> <span class='ocrx_word' id='word_1_256' title='bbox 1171 3112 1202 3119; x_wconf 79' lang='grc'>-</span> 
     </span>
     <span class='ocr_line' id='line_1_30' title="bbox 85 3132 1203 3204; baseline -0.004 -14"><span class='ocrx_word' id='word_1_257' title='bbox 85 3151 170 3202; x_wconf 77' lang='lat' dir='ltr'>motus,</span> <span class='ocrx_word' id='word_1_258' title='bbox 182 3145 206 3191; x_wconf 95' lang='lat' dir='ltr'>d.</span> <span class='ocrx_word' id='word_1_259' title='bbox 225 3182 257 3190; x_wconf 84' lang='grc'>-</span> <span class='ocrx_word' id='word_1_260' title='bbox 275 3157 406 3204; x_wconf 79' lang='lat' dir='ltr'>occursum,</span> <span class='ocrx_word' id='word_1_261' title='bbox 423 3143 456 3193; x_wconf 87' lang='lat' dir='ltr'>A.</span> <span class='ocrx_word' id='word_1_262' title='bbox 476 3183 508 3191; x_wconf 88' lang='lat'>..</span> <span class='ocrx_word' id='word_1_263' title='bbox 526 3144 603 3192; x_wconf 67' lang='lat' dir='ltr'>terruit</span> <span class='ocrx_word' id='word_1_264' title='bbox 615 3157 664 3202; x_wconf 86' lang='lat' dir='ltr'>ceu,</span> <span class='ocrx_word' id='word_1_265' title='bbox 681 3132 868 3190; x_wconf 78' lang='lat' dir='ltr'>RATsdad.</span> <span class='ocrx_word' id='word_1_266' title='bbox 890 3156 931 3188; x_wconf 84' lang='lat' dir='ltr'>ceu</span> <span class='ocrx_word' id='word_1_267' title='bbox 949 3139 1034 3199; x_wconf 82' lang='lat' dir='ltr'>tenuis,</span> <span class='ocrx_word' id='word_1_268' title='bbox 1050 3135 1101 3202; x_wconf 71' lang='grc' dir='ltr'>βγ.</span> <span class='ocrx_word' id='word_1_269' title='bbox 1121 3178 1152 3186; x_wconf 76' lang='grc'>-</span> <span class='ocrx_word' id='word_1_270' title='bbox 1172 3137 1203 3185; x_wconf 85' lang='lat' dir='ltr'>li-</span> 
     </span>
     <span class='ocr_line' id='line_1_31' title="bbox 85 3204 1202 3271; baseline -0.002 -16"><span class='ocrx_word' id='word_1_271' title='bbox 85 3223 141 3270; x_wconf 83' lang='lat' dir='ltr'>aec,</span> <span class='ocrx_word' id='word_1_272' title='bbox 153 3209 248 3260; x_wconf 85' lang='lat' dir='ltr'>Sabell.</span> <span class='ocrx_word' id='word_1_273' title='bbox 260 3209 314 3258; x_wconf 83' lang='lat' dir='ltr'>Ra.</span> <span class='ocrx_word' id='word_1_274' title='bbox 338 3209 427 3271; x_wconf 81' lang='lat' dir='ltr'>lineae,</span> <span class='ocrx_word' id='word_1_275' title='bbox 443 3204 600 3258; x_wconf 66' lang='lat' dir='ltr'>Adsunt.</span> <span class='ocrx_word' id='word_1_276' title='bbox 625 3207 701 3256; x_wconf 81' lang='lat' dir='ltr'>lanea</span> <span class='ocrx_word' id='word_1_277' title='bbox 719 3210 795 3256; x_wconf 79' lang='lat' dir='ltr'>urbes</span> <span class='ocrx_word' id='word_1_278' title='bbox 810 3246 842 3253; x_wconf 78' lang='grc'>-</span> <span class='ocrx_word' id='word_1_279' title='bbox 852 3215 977 3270; x_wconf 81' lang='lat' dir='ltr'>porrecta,</span> <span class='ocrx_word' id='word_1_280' title='bbox 993 3206 1062 3255; x_wconf 89' lang='lat' dir='ltr'>Piut.</span> <span class='ocrx_word' id='word_1_281' title='bbox 1080 3221 1113 3255; x_wconf 88' lang='lat' dir='ltr'>ex</span> <span class='ocrx_word' id='word_1_282' title='bbox 1125 3207 1202 3267; x_wconf 81' lang='lat' dir='ltr'>Verg.</span> 
     </span>
     <span class='ocr_line' id='line_1_32' title="bbox 85 3268 1202 3338; baseline -0.006 -11"><span class='ocrx_word' id='word_1_283' title='bbox 85 3275 181 3338; x_wconf 79' lang='lat' dir='ltr'>Georg.</span> <span class='ocrx_word' id='word_1_284' title='bbox 200 3281 223 3338; x_wconf 93' lang='lat'>1,</span> <span class='ocrx_word' id='word_1_285' title='bbox 240 3279 298 3325; x_wconf 88' lang='grc'><strong>397.</strong></span> <span class='ocrx_word' id='word_1_286' title='bbox 322 3316 354 3325; x_wconf 77' lang='grc'><strong>-</strong></span> <span class='ocrx_word' id='word_1_287' title='bbox 377 3279 447 3338; x_wconf 84' lang='lat' dir='ltr'>nube,</span> <span class='ocrx_word' id='word_1_288' title='bbox 464 3268 630 3326; x_wconf 74' lang='lat' dir='ltr'>BAOSTd.</span> <span class='ocrx_word' id='word_1_289' title='bbox 653 3274 730 3335; x_wconf 80' lang='lat' dir='ltr'>retis,</span> <span class='ocrx_word' id='word_1_290' title='bbox 748 3269 819 3338; x_wconf 64' lang='lat' dir='ltr'>asty.</span> <span class='ocrx_word' id='word_1_291' title='bbox 842 3313 874 3322; x_wconf 91' lang='grc'><strong>..</strong></span> <span class='ocrx_word' id='word_1_292' title='bbox 897 3281 1020 3337; x_wconf 81' lang='lat' dir='ltr'>porrecta,</span> <span class='ocrx_word' id='word_1_293' title='bbox 1037 3268 1202 3324; x_wconf 76' lang='lat' dir='ltr'>RAtisru</span> 
     </span>
     <span class='ocr_line' id='line_1_33' title="bbox 82 3337 966 3407; baseline 0.002 -18"><span class='ocrx_word' id='word_1_294' title='bbox 82 3351 220 3406; x_wconf 81' lang='lat' dir='ltr'>porrectae,</span> <span class='ocrx_word' id='word_1_295' title='bbox 232 3337 303 3407; x_wconf 67' lang='lat' dir='ltr'>assr.</span> <span class='ocrx_word' id='word_1_296' title='bbox 322 3383 354 3392; x_wconf 74' lang='grc'>-</span> <span class='ocrx_word' id='word_1_297' title='bbox 371 3345 428 3405; x_wconf 83' lang='lat' dir='ltr'>Est,</span> <span class='ocrx_word' id='word_1_298' title='bbox 441 3344 522 3392; x_wconf 90' lang='lat' dir='ltr'>omitt.</span> <span class='ocrx_word' id='word_1_299' title='bbox 536 3344 589 3392; x_wconf 91' lang='lat' dir='ltr'>Td.</span> <span class='ocrx_word' id='word_1_300' title='bbox 608 3383 639 3391; x_wconf 83' lang='lat'>..</span> <span class='ocrx_word' id='word_1_301' title='bbox 658 3340 966 3404; x_wconf 78' lang='lat' dir='ltr'>turbidioreaaquce,1l².</span> 
     </span>
    </p>

    <p class='ocr_par' dir='ltr' id='par_1_6' title="bbox 83 3403 1206 4070">
     <span class='ocr_line' id='line_1_34' title="bbox 120 3403 1205 3473; baseline -0.002 -15"><span class='ocrx_word' id='word_1_302' title='bbox 120 3407 207 3468; x_wconf 69' lang='lat'><strong>5197.</strong></span> <span class='ocrx_word' id='word_1_303' title='bbox 224 3410 292 3471; x_wconf 71' lang='lat' dir='ltr'>sicut,</span> <span class='ocrx_word' id='word_1_304' title='bbox 304 3411 407 3460; x_wconf 88' lang='lat' dir='ltr'>RAad.</span> <span class='ocrx_word' id='word_1_305' title='bbox 425 3408 472 3458; x_wconf 82' lang='lat' dir='ltr'>red</span> <span class='ocrx_word' id='word_1_306' title='bbox 488 3419 519 3471; x_wconf 88' lang='lat' dir='ltr'>et,</span> <span class='ocrx_word' id='word_1_307' title='bbox 536 3410 585 3473; x_wconf 76' lang='lat' dir='ltr'>SK</span> <span class='ocrx_word' id='word_1_308' title='bbox 601 3407 731 3473; x_wconf 87' lang='lat' dir='ltr'>(Robert.)</span> <span class='ocrx_word' id='word_1_309' title='bbox 749 3449 780 3458; x_wconf 90' lang='lat'>..</span> <span class='ocrx_word' id='word_1_310' title='bbox 802 3416 846 3469; x_wconf 79' lang='lat' dir='ltr'>eet,</span> <span class='ocrx_word' id='word_1_311' title='bbox 862 3408 962 3459; x_wconf 73' lang='lat' dir='ltr'>nsua</span> <span class='ocrx_word' id='word_1_312' title='bbox 978 3403 1069 3469; x_wconf 62' lang='grc' dir='ltr'><strong>(Βοὴ.)</strong></span> <span class='ocrx_word' id='word_1_313' title='bbox 1088 3414 1119 3466; x_wconf 87' lang='lat' dir='ltr'>et,</span> <span class='ocrx_word' id='word_1_314' title='bbox 1131 3407 1165 3457; x_wconf 89' lang='lat' dir='ltr'>A.</span> <span class='ocrx_word' id='word_1_315' title='bbox 1184 3416 1205 3456; x_wconf 86' lang='lat' dir='ltr'>et</span> 
     </span>
     <span class='ocr_line' id='line_1_35' title="bbox 85 3470 1204 3542; baseline -0.005 -16"><span class='ocrx_word' id='word_1_316' title='bbox 85 3482 131 3537; x_wconf 79' lang='lat' dir='ltr'>eet,</span> <span class='ocrx_word' id='word_1_317' title='bbox 143 3477 196 3526; x_wconf 79' lang='lat' dir='ltr'>Tu</span> <span class='ocrx_word' id='word_1_318' title='bbox 216 3516 248 3524; x_wconf 91' lang='lat'>..</span> <span class='ocrx_word' id='word_1_319' title='bbox 267 3475 348 3539; x_wconf 82' lang='lat' dir='ltr'>quale,</span> <span class='ocrx_word' id='word_1_320' title='bbox 363 3477 461 3527; x_wconf 86' lang='lat' dir='ltr'><strong>R²Ad.</strong></span> <span class='ocrx_word' id='word_1_321' title='bbox 484 3492 567 3541; x_wconf 85' lang='lat' dir='ltr'>quare,</span> <span class='ocrx_word' id='word_1_322' title='bbox 579 3493 602 3526; x_wconf 86' lang='lat' dir='ltr'>a.</span> <span class='ocrx_word' id='word_1_323' title='bbox 627 3493 699 3542; x_wconf 83' lang='lat' dir='ltr'>quam</span> <span class='ocrx_word' id='word_1_324' title='bbox 714 3491 771 3538; x_wconf 87' lang='lat' dir='ltr'>rem,</span> <span class='ocrx_word' id='word_1_325' title='bbox 783 3474 843 3526; x_wconf 83' lang='lat' dir='ltr'>B¹S</span> <span class='ocrx_word' id='word_1_326' title='bbox 862 3470 990 3536; x_wconf 84' lang='lat' dir='ltr'>(Robert.)</span> <span class='ocrx_word' id='word_1_327' title='bbox 1009 3472 1081 3540; x_wconf 79' lang='lat' dir='ltr'>quale</span> <span class='ocrx_word' id='word_1_328' title='bbox 1096 3472 1204 3532; x_wconf 85' lang='lat' dir='ltr'>cloacae,</span> 
     </span>
     <span class='ocr_line' id='line_1_36' title="bbox 84 3537 1203 3608; baseline -0.006 -14"><span class='ocrx_word' id='word_1_329' title='bbox 84 3544 119 3594; x_wconf 88' lang='lat' dir='ltr'>K.</span> <span class='ocrx_word' id='word_1_330' title='bbox 138 3583 170 3592; x_wconf 76' lang='grc'>-</span> <span class='ocrx_word' id='word_1_331' title='bbox 188 3553 337 3606; x_wconf 84' lang='lat' dir='ltr'>conceptum,</span> <span class='ocrx_word' id='word_1_332' title='bbox 353 3538 519 3594; x_wconf 63' lang='lat' dir='ltr'>mundat</span> <span class='ocrx_word' id='word_1_333' title='bbox 536 3540 664 3608; x_wconf 84' lang='lat' dir='ltr'>(Robert.)</span> <span class='ocrx_word' id='word_1_334' title='bbox 683 3553 825 3608; x_wconf 79' lang='lat' dir='ltr'>roupertum,</span> <span class='ocrx_word' id='word_1_335' title='bbox 837 3543 886 3593; x_wconf 67' lang='lat'>3¹.</span> <span class='ocrx_word' id='word_1_336' title='bbox 905 3550 1113 3608; x_wconf 82' lang='lat' dir='ltr'>praeconceptum,</span> <span class='ocrx_word' id='word_1_337' title='bbox 1124 3537 1152 3600; x_wconf 79' lang='grc' dir='ltr'><strong>β.</strong></span> <span class='ocrx_word' id='word_1_338' title='bbox 1173 3578 1203 3587; x_wconf 83' lang='grc'>-</span> 
     </span>
     <span class='ocr_line' id='line_1_37' title="bbox 88 3599 1204 3675; baseline -0.005 -17"><span class='ocrx_word' id='word_1_339' title='bbox 88 3609 154 3670; x_wconf 78' lang='lat' dir='ltr'>tetis,</span> <span class='ocrx_word' id='word_1_340' title='bbox 171 3603 320 3660; x_wconf 73' lang='lat' dir='ltr'>Ardent.</span> <span class='ocrx_word' id='word_1_341' title='bbox 342 3613 405 3673; x_wconf 78' lang='lat' dir='ltr'>tetis,</span> <span class='ocrx_word' id='word_1_342' title='bbox 422 3611 448 3662; x_wconf 87' lang='lat' dir='ltr'>S.</span> <span class='ocrx_word' id='word_1_343' title='bbox 472 3611 555 3673; x_wconf 79' lang='lat' dir='ltr'>certis,</span> <span class='ocrx_word' id='word_1_344' title='bbox 572 3607 621 3673; x_wconf 76' lang='grc' dir='ltr'>Ββ</span> <span class='ocrx_word' id='word_1_345' title='bbox 628 3625 653 3675; x_wconf 73' lang='grc' dir='ltr'><strong>γ.</strong></span> <span class='ocrx_word' id='word_1_346' title='bbox 672 3651 704 3659; x_wconf 83' lang='grc'>..</span> <span class='ocrx_word' id='word_1_347' title='bbox 722 3612 806 3671; x_wconf 73' lang='lat' dir='ltr'>mirae,</span> <span class='ocrx_word' id='word_1_348' title='bbox 823 3610 927 3660; x_wconf 85' lang='lat' dir='ltr'>RAad.</span> <span class='ocrx_word' id='word_1_349' title='bbox 946 3611 1024 3658; x_wconf 83' lang='lat' dir='ltr'>minus</span> <span class='ocrx_word' id='word_1_350' title='bbox 1042 3609 1139 3672; x_wconf 84' lang='lat' dir='ltr'>quippe,</span> <span class='ocrx_word' id='word_1_351' title='bbox 1159 3599 1204 3653; x_wconf 75' lang='lat' dir='ltr'>Or.</span> 
     </span>
     <span class='ocr_line' id='line_1_38' title="bbox 87 3669 1204 3742; baseline -0.003 -19"><span class='ocrx_word' id='word_1_352' title='bbox 87 3691 150 3741; x_wconf 81' lang='lat' dir='ltr'>qaae</span> <span class='ocrx_word' id='word_1_353' title='bbox 163 3677 249 3738; x_wconf 82' lang='lat' dir='ltr'>minue,</span> <span class='ocrx_word' id='word_1_354' title='bbox 260 3673 282 3737; x_wconf 83' lang='grc' dir='ltr'>β</span> <span class='ocrx_word' id='word_1_355' title='bbox 287 3691 312 3742; x_wconf 77' lang='grc' dir='ltr'><strong>γ.</strong></span> <span class='ocrx_word' id='word_1_356' title='bbox 330 3718 362 3726; x_wconf 84' lang='grc'><strong>-</strong></span> <span class='ocrx_word' id='word_1_357' title='bbox 381 3679 416 3728; x_wconf 88' lang='lat' dir='ltr'>cd</span> <span class='ocrx_word' id='word_1_358' title='bbox 427 3678 536 3740; x_wconf 84' lang='lat' dir='ltr'>eluviem,</span> <span class='ocrx_word' id='word_1_359' title='bbox 552 3678 657 3728; x_wconf 78' lang='lat' dir='ltr'>RS&#39;l&#39;a.</span> <span class='ocrx_word' id='word_1_360' title='bbox 676 3677 810 3738; x_wconf 83' lang='lat' dir='ltr'>odiluciem,</span> <span class='ocrx_word' id='word_1_361' title='bbox 821 3677 855 3728; x_wconf 90' lang='lat' dir='ltr'>A.</span> <span class='ocrx_word' id='word_1_362' title='bbox 875 3675 1072 3734; x_wconf 64' lang='lat' dir='ltr'>utilitatem.</span> <span class='ocrx_word' id='word_1_363' title='bbox 1086 3712 1118 3721; x_wconf 85' lang='lat'>..</span> <span class='ocrx_word' id='word_1_364' title='bbox 1135 3669 1204 3720; x_wconf 87' lang='lat' dir='ltr'>Nea·</span> 
     </span>
     <span class='ocr_line' id='line_1_39' title="bbox 83 3738 1203 3810; baseline -0.005 -18"><span class='ocrx_word' id='word_1_365' title='bbox 83 3742 147 3809; x_wconf 83' lang='lat' dir='ltr'>poli,</span> <span class='ocrx_word' id='word_1_366' title='bbox 160 3759 183 3792; x_wconf 84' lang='lat' dir='ltr'>a.</span> <span class='ocrx_word' id='word_1_367' title='bbox 202 3742 229 3790; x_wconf 77' lang='lat' dir='ltr'>t&#39;n</span> <span class='ocrx_word' id='word_1_368' title='bbox 242 3741 340 3810; x_wconf 76' lang='lat' dir='ltr'>capell,</span> <span class='ocrx_word' id='word_1_369' title='bbox 356 3745 390 3794; x_wconf 89' lang='lat' dir='ltr'>A.</span> <span class='ocrx_word' id='word_1_370' title='bbox 414 3743 588 3810; x_wconf 82' lang='lat' dir='ltr'>iuecpclitcne,</span> <span class='ocrx_word' id='word_1_371' title='bbox 600 3747 631 3796; x_wconf 92' lang='grc' dir='ltr'><strong>Β.</strong></span> <span class='ocrx_word' id='word_1_372' title='bbox 655 3744 682 3794; x_wconf 82' lang='lat' dir='ltr'>iu</span> <span class='ocrx_word' id='word_1_373' title='bbox 698 3744 811 3810; x_wconf 86' lang='lat' dir='ltr'>Neapoli,</span> <span class='ocrx_word' id='word_1_374' title='bbox 824 3745 876 3794; x_wconf 86' lang='lat' dir='ltr'>Td.</span> <span class='ocrx_word' id='word_1_375' title='bbox 894 3784 926 3792; x_wconf 91' lang='lat'>..</span> <span class='ocrx_word' id='word_1_376' title='bbox 945 3738 1103 3806; x_wconf 76' lang='lat' dir='ltr'>intellepitur,</span> <span class='ocrx_word' id='word_1_377' title='bbox 1118 3738 1152 3789; x_wconf 87' lang='lat' dir='ltr'>A.</span> <span class='ocrx_word' id='word_1_378' title='bbox 1172 3778 1203 3786; x_wconf 86' lang='lat'><em>-</em></span> 
     </span>
     <span class='ocr_line' id='line_1_40' title="bbox 87 3805 1204 3874; baseline -0.004 -16"><span class='ocrx_word' id='word_1_379' title='bbox 87 3807 208 3871; x_wconf 80' lang='lat' dir='ltr'>solidata,</span> <span class='ocrx_word' id='word_1_380' title='bbox 220 3810 273 3860; x_wconf 86' lang='lat' dir='ltr'>Td.</span> <span class='ocrx_word' id='word_1_381' title='bbox 292 3851 324 3860; x_wconf 85' lang='lat'>..</span> <span class='ocrx_word' id='word_1_382' title='bbox 341 3818 406 3873; x_wconf 81' lang='lat' dir='ltr'>sunt,</span> <span class='ocrx_word' id='word_1_383' title='bbox 417 3812 464 3861; x_wconf 83' lang='lat' dir='ltr'>Ra</span> <span class='ocrx_word' id='word_1_384' title='bbox 475 3810 567 3874; x_wconf 86' lang='lat' dir='ltr'>(Rob.)</span> <span class='ocrx_word' id='word_1_385' title='bbox 585 3812 767 3863; x_wconf 82' lang='lat' dir='ltr'>OmittATd.</span> <span class='ocrx_word' id='word_1_386' title='bbox 787 3851 818 3859; x_wconf 88' lang='lat'>..</span> <span class='ocrx_word' id='word_1_387' title='bbox 836 3825 883 3858; x_wconf 80' lang='lat' dir='ltr'>nort</span> <span class='ocrx_word' id='word_1_388' title='bbox 895 3825 927 3858; x_wconf 84' lang='lat' dir='ltr'>au</span> <span class='ocrx_word' id='word_1_389' title='bbox 946 3805 1010 3857; x_wconf 84' lang='lat' dir='ltr'>ulost&#39;</span> <span class='ocrx_word' id='word_1_390' title='bbox 1022 3822 1112 3869; x_wconf 81' lang='lat' dir='ltr'>quoquc</span> <span class='ocrx_word' id='word_1_391' title='bbox 1120 3805 1204 3870; x_wconf 83' lang='lat' dir='ltr'>perie-</span> 
     </span>
     <span class='ocr_line' id='line_1_41' title="bbox 86 3873 1206 3942; baseline -0.004 -16"><span class='ocrx_word' id='word_1_392' title='bbox 86 3887 131 3938; x_wconf 81' lang='lat' dir='ltr'>ter,</span> <span class='ocrx_word' id='word_1_393' title='bbox 148 3877 181 3925; x_wconf 88' lang='lat' dir='ltr'>K.</span> <span class='ocrx_word' id='word_1_394' title='bbox 204 3917 236 3926; x_wconf 86' lang='lat'>..</span> <span class='ocrx_word' id='word_1_395' title='bbox 255 3875 349 3942; x_wconf 81' lang='lat' dir='ltr'>pulsai,</span> <span class='ocrx_word' id='word_1_396' title='bbox 365 3879 397 3927; x_wconf 89' lang='lat' dir='ltr'>K.</span> <span class='ocrx_word' id='word_1_397' title='bbox 417 3919 449 3928; x_wconf 90' lang='lat'>..</span> <span class='ocrx_word' id='word_1_398' title='bbox 473 3879 594 3939; x_wconf 79' lang='lat' dir='ltr'>renitente,</span> <span class='ocrx_word' id='word_1_399' title='bbox 606 3880 682 3929; x_wconf 74' lang='lat' dir='ltr'>Aac.</span> <span class='ocrx_word' id='word_1_400' title='bbox 702 3877 828 3935; x_wconf 82' lang='lat' dir='ltr'>retinente,</span> <span class='ocrx_word' id='word_1_401' title='bbox 844 3875 909 3924; x_wconf 82' lang='lat' dir='ltr'>R¹T</span> <span class='ocrx_word' id='word_1_402' title='bbox 945 3877 969 3924; x_wconf 92' lang='lat' dir='ltr'>d.</span> <span class='ocrx_word' id='word_1_403' title='bbox 992 3881 1136 3934; x_wconf 67' lang='lat' dir='ltr'>remanente,</span> <span class='ocrx_word' id='word_1_404' title='bbox 1153 3873 1206 3922; x_wconf 69' lang='lat' dir='ltr'>R&#39;.</span> 
     </span>
     <span class='ocr_line' id='line_1_42' title="bbox 88 3939 1204 4040; baseline -0.004 -47"><span class='ocrx_word' id='word_1_405' title='bbox 88 3941 386 4040; x_wconf 51' lang='lat' dir='ltr'>renitente31‚Robort.ss.</span> <span class='ocrx_word' id='word_1_406' title='bbox 407 3986 438 3994; x_wconf 89' lang='grc'>..</span> <span class='ocrx_word' id='word_1_407' title='bbox 456 3943 566 3995; x_wconf 86' lang='lat' dir='ltr'>Elctere</span> <span class='ocrx_word' id='word_1_408' title='bbox 578 3955 683 4006; x_wconf 86' lang='lat' dir='ltr'>terrave,</span> <span class='ocrx_word' id='word_1_409' title='bbox 695 3945 728 3992; x_wconf 93' lang='grc' dir='ltr'><strong>Κ.</strong></span> <span class='ocrx_word' id='word_1_410' title='bbox 748 3982 779 3992; x_wconf 79' lang='grc'><strong>-</strong></span> <span class='ocrx_word' id='word_1_411' title='bbox 797 3944 863 4001; x_wconf 78' lang='lat' dir='ltr'>sicut,</span> <span class='ocrx_word' id='word_1_412' title='bbox 875 3940 923 3990; x_wconf 86' lang='lat' dir='ltr'>R¹.</span> <span class='ocrx_word' id='word_1_413' title='bbox 944 3981 974 3990; x_wconf 91' lang='grc'><strong>..</strong></span> <span class='ocrx_word' id='word_1_414' title='bbox 992 3942 1094 4002; x_wconf 68' lang='lat' dir='ltr'>minora</span> <span class='ocrx_word' id='word_1_415' title='bbox 1105 3939 1153 3988; x_wconf 68' lang='lat'>3¹.</span> <span class='ocrx_word' id='word_1_416' title='bbox 1173 3980 1204 3988; x_wconf 88' lang='lat'>..</span> 
     </span>
     <span class='ocr_line' id='line_1_43' title="bbox 89 4009 234 4070; baseline 0.014 -12"><span class='ocrx_word' id='word_1_417' title='bbox 89 4009 174 4070; x_wconf 79' lang='lat' dir='ltr'>noxia,</span> <span class='ocrx_word' id='word_1_418' title='bbox 186 4011 234 4060; x_wconf 90' lang='grc' dir='ltr'><strong>Β.</strong></span> 
     </span>
    </p>

    <p class='ocr_par' dir='ltr' id='par_1_7' title="bbox 88 4073 1207 4344">
     <span class='ocr_line' id='line_1_44' title="bbox 123 4073 1207 4141; baseline -0.006 -14"><span class='ocrx_word' id='word_1_419' title='bbox 123 4075 138 4136; x_wconf 65' lang='grc' dir='ltr'>δ</span> <span class='ocrx_word' id='word_1_420' title='bbox 153 4082 210 4127; x_wconf 85' lang='grc'><strong>198.</strong></span> <span class='ocrx_word' id='word_1_421' title='bbox 228 4077 323 4140; x_wconf 84' lang='lat' dir='ltr'>vibrat,</span> <span class='ocrx_word' id='word_1_422' title='bbox 334 4081 359 4130; x_wconf 91' lang='grc' dir='ltr'><strong>Β</strong></span> <span class='ocrx_word' id='word_1_423' title='bbox 371 4076 410 4141; x_wconf 84' lang='lat' dir='ltr'>(ct</span> <span class='ocrx_word' id='word_1_424' title='bbox 421 4081 448 4129; x_wconf 90' lang='lat' dir='ltr'>in</span> <span class='ocrx_word' id='word_1_425' title='bbox 459 4073 536 4139; x_wconf 89' lang='lat' dir='ltr'>corr.)</span> <span class='ocrx_word' id='word_1_426' title='bbox 549 4117 581 4126; x_wconf 89' lang='lat'>..</span> <span class='ocrx_word' id='word_1_427' title='bbox 597 4086 625 4137; x_wconf 86' lang='lat' dir='ltr'>et,</span> <span class='ocrx_word' id='word_1_428' title='bbox 639 4091 688 4126; x_wconf 90' lang='lat' dir='ltr'>om.</span> <span class='ocrx_word' id='word_1_429' title='bbox 700 4077 735 4125; x_wconf 91' lang='lat' dir='ltr'>A.</span> <span class='ocrx_word' id='word_1_430' title='bbox 748 4116 779 4125; x_wconf 90' lang='lat'>..</span> <span class='ocrx_word' id='word_1_431' title='bbox 798 4076 944 4137; x_wconf 76' lang='lat' dir='ltr'>intumescat,</span> <span class='ocrx_word' id='word_1_432' title='bbox 956 4075 989 4127; x_wconf 76' lang='lat' dir='ltr'>A.</span> <span class='ocrx_word' id='word_1_433' title='bbox 1009 4114 1040 4124; x_wconf 92' lang='grc'><strong>.-</strong></span> <span class='ocrx_word' id='word_1_434' title='bbox 1059 4074 1207 4136; x_wconf 77' lang='lat' dir='ltr'>adsurpens,</span> 
     </span>
     <span class='ocr_line' id='line_1_45' title="bbox 88 4140 1205 4209; baseline -0.006 -14"><span class='ocrx_word' id='word_1_435' title='bbox 88 4145 123 4195; x_wconf 86' lang='lat' dir='ltr'>A.</span> <span class='ocrx_word' id='word_1_436' title='bbox 139 4184 170 4193; x_wconf 85' lang='lat'><em>-</em></span> <span class='ocrx_word' id='word_1_437' title='bbox 187 4142 336 4209; x_wconf 82' lang='lat' dir='ltr'>alternoque,</span> <span class='ocrx_word' id='word_1_438' title='bbox 348 4147 402 4197; x_wconf 85' lang='lat' dir='ltr'>Aa.</span> <span class='ocrx_word' id='word_1_439' title='bbox 421 4144 520 4207; x_wconf 82' lang='lat' dir='ltr'>alterae,</span> <span class='ocrx_word' id='word_1_440' title='bbox 537 4144 603 4195; x_wconf 79' lang='lat' dir='ltr'>R2d.</span> <span class='ocrx_word' id='word_1_441' title='bbox 626 4142 696 4205; x_wconf 86' lang='lat' dir='ltr'>alter,</span> <span class='ocrx_word' id='word_1_442' title='bbox 707 4143 756 4195; x_wconf 77' lang='lat' dir='ltr'>1t1.</span> <span class='ocrx_word' id='word_1_443' title='bbox 777 4184 808 4192; x_wconf 87' lang='grc'>..</span> <span class='ocrx_word' id='word_1_444' title='bbox 826 4151 893 4205; x_wconf 86' lang='lat' dir='ltr'>moto,</span> <span class='ocrx_word' id='word_1_445' title='bbox 905 4142 953 4193; x_wconf 64' lang='lat'>12¹.</span> <span class='ocrx_word' id='word_1_446' title='bbox 969 4182 1000 4193; x_wconf 87' lang='lat'>..</span> <span class='ocrx_word' id='word_1_447' title='bbox 1017 4140 1205 4203; x_wconf 65' lang='lat' dir='ltr'>restuititur.</span> 
     </span>
     <span class='ocr_line' id='line_1_46' title="bbox 90 4207 1206 4277; baseline -0.003 -18"><span class='ocrx_word' id='word_1_448' title='bbox 90 4209 191 4273; x_wconf 77' lang='lat' dir='ltr'>resedit,</span> <span class='ocrx_word' id='word_1_449' title='bbox 202 4214 236 4263; x_wconf 89' lang='lat' dir='ltr'>A.</span> <span class='ocrx_word' id='word_1_450' title='bbox 254 4211 354 4275; x_wconf 77' lang='lat' dir='ltr'>recidet,</span> <span class='ocrx_word' id='word_1_451' title='bbox 365 4209 436 4277; x_wconf 67' lang='lat' dir='ltr'>adr.</span> <span class='ocrx_word' id='word_1_452' title='bbox 456 4253 486 4263; x_wconf 92' lang='grc'><strong>..</strong></span> <span class='ocrx_word' id='word_1_453' title='bbox 505 4213 620 4273; x_wconf 82' lang='lat' dir='ltr'>arietent,</span> <span class='ocrx_word' id='word_1_454' title='bbox 632 4213 656 4262; x_wconf 88' lang='grc' dir='ltr'><strong>Β</strong></span> <span class='ocrx_word' id='word_1_455' title='bbox 669 4209 747 4275; x_wconf 85' lang='lat' dir='ltr'>(etant</span> <span class='ocrx_word' id='word_1_456' title='bbox 763 4213 790 4261; x_wconf 91' lang='lat' dir='ltr'>in</span> <span class='ocrx_word' id='word_1_457' title='bbox 802 4207 878 4274; x_wconf 84' lang='lat' dir='ltr'>corr.)</span> <span class='ocrx_word' id='word_1_458' title='bbox 889 4209 977 4262; x_wconf 85' lang='lat' dir='ltr'>Aa²d</span> <span class='ocrx_word' id='word_1_459' title='bbox 999 4210 1108 4271; x_wconf 80' lang='lat' dir='ltr'>arietino,</span> <span class='ocrx_word' id='word_1_460' title='bbox 1120 4209 1160 4259; x_wconf 84' lang='lat' dir='ltr'>a¹.</span> <span class='ocrx_word' id='word_1_461' title='bbox 1175 4246 1206 4256; x_wconf 79' lang='grc'>.-</span> 
     </span>
     <span class='ocr_line' id='line_1_47' title="bbox 90 4274 608 4344; baseline 0.006 -16"><span class='ocrx_word' id='word_1_462' title='bbox 90 4274 139 4342; x_wconf 83' lang='lat' dir='ltr'>nlt,</span> <span class='ocrx_word' id='word_1_463' title='bbox 151 4280 177 4330; x_wconf 89' lang='grc' dir='ltr'><strong>Β</strong></span> <span class='ocrx_word' id='word_1_464' title='bbox 186 4281 202 4328; x_wconf 85' lang='lat'>¹.</span> <span class='ocrx_word' id='word_1_465' title='bbox 217 4321 248 4330; x_wconf 91' lang='lat'>..</span> <span class='ocrx_word' id='word_1_466' title='bbox 261 4279 382 4344; x_wconf 79' lang='lat' dir='ltr'>renititur,</span> <span class='ocrx_word' id='word_1_467' title='bbox 394 4281 418 4330; x_wconf 89' lang='grc' dir='ltr'><strong>Β</strong></span> <span class='ocrx_word' id='word_1_468' title='bbox 430 4277 483 4343; x_wconf 82' lang='lat' dir='ltr'>(tur</span> <span class='ocrx_word' id='word_1_469' title='bbox 494 4277 608 4344; x_wconf 80' lang='lat' dir='ltr'>incorr.)</span> 
     </span>
    </p>
   </div>
   <div class='ocr_carea' id='block_1_5' title="bbox 0 0 1375 4710">
    <p class='ocr_par' dir='ltr' id='par_1_8' title="bbox 0 0 1375 4710">
     <span class='ocr_line' id='line_1_48' title="bbox 0 0 1375 4710; baseline 0 0"><span class='ocrx_word' id='word_1_470' title='bbox 0 0 1375 4710; x_wconf 95' lang='lat' dir='ltr'> </span> 
     </span>
    </p>
   </div>
  </div>
 </body>
</html>
