2714 4710
441 313 512 358 ms.
528 313 578 358 111.
609 311 686 357 cnr.
703 312 736 357 u.
769 311 866 357 saon.
882 313 900 354 o.
1170 292 1231 356 225
1289 284 1292 289 ’

110 475 227 547 tueque
260 484 299 529 ac
327 462 413 527 viros
440 471 473 527 et
505 462 616 549 lingua
646 482 806 545 manuque
837 472 1003 546 superatas
1033 483 1233 529 conmemoro

110 563 230 652 gentis.
265 561 335 648 Ipsi
363 560 403 626 de
430 583 469 628 ea
496 561 679 626 iudicavere
702 557 810 638 Graii,
840 583 943 647 genus
969 562 1003 626 in
1028 562 1163 651 gloriam
1184 561 1239 627 sui.

112 664 359 740 effusissimum,
392 671 522 746 quotam
548 671 675 747 partem
704 683 745 726 ex
774 683 812 726 eo
840 661 1034 748 appellando
1062 655 1235 728 Graeciam

109 762 276 853 magnam!
316 761 476 826 Nimirum
495 761 531 825 id
552 761 639 846 quod
664 760 697 825 in
720 761 799 827 caeli
825 762 985 828 mentione
1011 763 1147 828 fecimus
1174 763 1236 828 hac

67 859 80 868 ’
112 885 243 949 quoque
262 862 298 927 in
318 872 411 948 parte
433 860 619 927 faciendum
640 871 706 939 est,
729 871 766 926 ut
787 863 943 947 quasdam
964 874 1056 928 notas
1079 874 1111 931 et
1132 887 1237 951 pauca

105 965 220 1033 ,sidera
234 964 440 1050 attingamus.
462 961 628 1049 Legentes
651 972 785 1042 tantum,
809 985 939 1048 quaeso,
958 958 1172 1045 meminerint,
1195 964 1237 1030 ad

116 1065 244 1153 singula
266 1074 333 1129 toto
355 1063 432 1130 orbe
456 1063 676 1127 edissertanda
697 1062 853 1128 festinari.
886 1063 948 1129 Est
969 1066 1046 1153 ergo
1068 1067 1145 1133 folio
1167 1089 1236 1130 ma·
1250 1087 1283 1129 43

111 1189 210 1232 xume
239 1187 362 1251 querno
391 1165 598 1242 adsimulata,
629 1165 730 1228 multo
759 1164 951 1250 proceritate
978 1167 1114 1253 amplior
1141 1189 1237 1251 qnam

111 1267 292 1346 latitudine,
314 1268 349 1332 in
361 1267 454 1331 laevo
469 1287 504 1331 se
520 1264 651 1330 flectens
670 1265 835 1330 cacumine
850 1275 883 1331 et
896 1265 1113 1334 Amazonicae
1134 1269 1239 1356 figura

117 1369 270 1434 desinens
294 1389 442 1454 parmae,
469 1365 526 1431 ubi
553 1388 572 1430 a
598 1366 703 1430 medio
731 1388 870 1431 excursu
894 1364 1068 1435 Cocinthos
1093 1380 1238 1446 vocatur,

114 1493 172 1557 per
195 1471 285 1536 sinus
306 1470 433 1537 lunatos
455 1468 520 1532 duo
541 1488 661 1532 cornua
677 1468 836 1546 emittens,
859 1467 1098 1567 Leucopetram
1114 1472 1238 1548 dextra,

113 1570 289 1637 Lacinium
303 1568 441 1633 sinistra.
472 1567 570 1631 Patet
590 1566 791 1655 longitudine
813 1567 853 1634 ab
876 1568 997 1656 Alpino
1018 1571 1082 1636 fine
1103 1572 1239 1637 Praeto-

115 1671 183 1736 riae
204 1671 392 1757 Augustae,
418 1689 478 1753 per
499 1666 613 1732 urbem
635 1663 845 1753 Capuamque
867 1689 965 1734 cursu
985 1681 1129 1749 meante,
1151 1670 1240 1735 Rhe-

118 1772 209 1860 gium
235 1770 390 1856 oppidum
416 1768 450 1833 in
478 1788 589 1833 umero
619 1766 687 1832 eius
716 1768 813 1832 situm
839 1791 859 1832 a
886 1791 951 1854 quo
978 1770 1078 1836 veluti
1107 1772 1242 1837 cervicis

117 1871 231 1958 incipit
251 1871 366 1949 flexus,
390 1869 519 1934 deciens
543 1877 675 1933 centena
693 1877 726 1931 et
739 1867 854 1956 viginti
868 1870 957 1936 milia
969 1892 1135 1955 passuum,
1157 1873 1241 1937 mul-

118 1984 216 2058 toque
237 1972 372 2059 amplior
393 1991 542 2035 mensura
562 1968 654 2033 fieret
674 1967 845 2034 Lacinium
866 1993 985 2057 usque,
1008 1973 1041 2037 ni
1065 1974 1136 2040 talis
1159 1974 1241 2039 obli-·

116 2075 223 2160 quites
250 2073 285 2138 in
311 2073 397 2138 latus
424 2069 551 2158 digredi
579 2067 752 2134 videretur.
786 2068 942 2136 Latitudo
970 2072 1039 2139 eius
1060 2075 1151 2140 varia
1173 2085 1239 2140 est:
1255 2091 1288 2135 44

116 2194 222 2240 ccccx
242 2172 367 2238 milium
388 2171 473 2235 inter
494 2169 559 2239 duo
579 2168 680 2233 maria
700 2168 840 2235 inferum
855 2181 889 2237 et
907 2194 1060 2259 superum
1074 2177 1242 2271 amnisque

116 2275 244 2342 Varum
265 2283 362 2358 atque
383 2270 531 2349 Arsiam,
554 2270 661 2335 media
681 2281 788 2336 autem
809 2272 911 2338 ferme
934 2274 1019 2340 circa
1039 2276 1153 2341 urbem
1173 2277 1241 2341 Ro-
1269 2286 1272 2301 ¹

118 2399 205 2441 mam
232 2373 273 2439 ab
300 2370 519 2439 ostioAterni
544 2371 647 2442 amnis
667 2369 702 2434 in
722 2369 948 2437 Hadriaticum
969 2396 1058 2439 mare
1079 2374 1246 2443 influentis

121 2477 164 2542 ad
191 2474 343 2540 Tiberina
368 2472 450 2537 ostia
475 2491 613 2548 cxxxw,
649 2479 682 2534 et
709 2470 805 2554 paulo
831 2471 937 2536 minus
964 2496 984 2537 a
1011 2472 1126 2541 Castro
1158 2498 1242 2542 novo

117 2573 299 2640 Hadriatici
324 2572 423 2638 maris
447 2569 577 2636 Alsium
604 2569 647 2634 ad
672 2568 816 2636 Tuscum
844 2594 980 2659 aequor,
1008 2575 1096 2640 haud
1117 2577 1182 2644 ullo
1207 2577 1243 2642 in

118 2679 197 2744 loeo
212 2696 250 2742 cc
275 2673 478 2742 latitudinem
505 2671 675 2737 excedens.
712 2669 894 2740 Universae
923 2686 1031 2743 autem
1056 2678 1197 2745 ambitus
1223 2703 1244 2745 a

120 2777 209 2845 Varo
232 2774 274 2840 ad
296 2772 428 2838 Arsiam
442 2777 514 2832 'rui
534 2791 585 2829 mx
606 2793 762 2856 passuum
789 2773 895 2840 efficit.
932 2775 1040 2841 Abest
1062 2800 1081 2842 a
1105 2779 1241 2844 circum-
1255 2797 1287 2841 45

118 2913 214 2975 stellas,
225 2915 258 2964 K.
278 2954 309 2962 ..
328 2929 424 2976 quoae,
441 2912 494 2961 Rd.
514 2950 546 2959 ..
565 2907 746 2972 edissertanda,
762 2911 796 2961 A.
820 2909 976 2971 edissertata,
990 2914 1016 2962 Β
1028 2910 1109 2975 (quod
1121 2915 1200 2964 Solin.
1218 2922 1242 2976 2,

120 2988 161 3033 23.
173 2982 310 3044 usurpavit,
326 2981 387 3029 licet
402 2979 453 3029 alio
470 2975 600 3039 relatum.)
623 2974 737 3039 disserta,
750 2979 792 3027 d¹.
815 2974 972 3039 disserenda,
985 2980 1056 3027 Td².
1074 2978 1242 3042 edisserendo,

119 3046 170 3113 βγ.
192 3049 253 3098 Vid.
266 3047 382 3099 Oudend.
394 3048 427 3096 ad
437 3045 535 3109 Appul.
546 3045 608 3094 Met.
621 3059 646 3106 p.
659 3050 716 3094 451.

153 3118 222 3179 543.
245 3112 400 3173 adamatae,
416 3114 448 3163 Β.
472 3108 621 3170 assimilata,
637 3105 739 3173 Δᾱβγ.
763 3111 822 3159 Vid.
839 3109 920 3160 Solia.
939 3116 962 3172 2,
975 3117 1015 3160 20.
1034 3151 1063 3160 -
1085 3113 1152 3164 laevo
1162 3113 1242 3180 sefle

120 3192 192 3243 ctens,
204 3183 282 3232 R2K.
302 3180 502 3244 laecasflecteos,
513 3179 538 3227 R
548 3179 563 3225 ¹.
583 3176 636 3225 leva
647 3179 674 3224 se
682 3177 793 3240 flectens,
805 3178 839 3227 A.
859 3174 930 3226 laeva
940 3193 966 3226 se
974 3179 1087 3242 flectens,
1098 3176 1149 3246 βγ.
1172 3180 1243 3232 laeva

120 3248 254 3312 reflectens,
266 3249 319 3301 Td.
334 3287 366 3296 ..
378 3263 462 3312 parve,
473 3246 519 3295 R¹.
536 3244 595 3293 Vid.
607 3245 725 3293 Martian.
742 3249 765 3304 6,
779 3249 836 3294 639.
851 3285 882 3292 -
893 3259 992 3308 exessu,
1004 3248 1049 3297 R'.
1063 3289 1095 3298 ..
1110 3246 1242 3312 Cocintltos,

120 3315 214 3367 Sabell.
232 3323 257 3366 et
272 3316 375 3365 Barbas.
400 3309 543 3378 Cocynthos,
559 3311 593 3360 A.
619 3306 729 3375 Cynthos,
745 3311 849 3363 RTdc.
872 3353 904 3362 -
926 3328 1008 3376 corna,
1024 3315 1073 3364 3¹.
1092 3357 1124 3366 ..
1147 3317 1243 3378 dextra,

119 3383 204 3434 BAd.
226 3383 333 3442 demea,
343 3376 394 3446 βγ.
413 3420 445 3430 ..
464 3380 576 3440 auam
600 3377 641 3439 cd,
656 3379 707 3428 Td.
734 3377 791 3429 Om.
808 3393 832 3428 a.
851 3420 883 3428 ..
903 3378 1001 3444 Alpino,
1012 3382 1044 3431 R.
1070 3382 1192 3449 Inalpino,
1208 3384 1242 3435 A.

118 3447 292 3514 alpiniano.
302 3488 334 3498 ...
346 3440 504 3516 Capoffaque,
513 3447 537 3495 d
550 3459 627 3508 aeque
644 3447 748 3496 Barbar.
756 3487 788 3495 -
797 3444 908 3511 Reyicm,
917 3448 980 3498 ΒΑ.
993 3488 1025 3498 -
1035 3451 1171 3512 namnaA
1179 3453 1202 3500 d.
1210 3490 1242 3500 ..

120 3531 174 3576 aaa,
185 3516 237 3565 13¹.
255 3556 287 3565 -
311 3523 335 3565 a
346 3514 440 3580 asana,
457 3529 508 3563 om.
521 3482 648 3564 meunt
666 3520 690 3575 a,
705 3519 726 3563 1.
752 3515 824 3565 mem
835 3517 1091 3577 resbascense.
1111 3557 1143 3566 -
1165 3519 1242 3578 mnas,

119 3583 325 3643 Drusianae.
344 3622 376 3630 ..
395 3579 503 3646 depredi,
514 3581 548 3630 A.

154 3647 170 3709 5
188 3656 229 3699 44.
257 3645 377 3709 OOOOX,
394 3648 473 3697 RAd
490 3645 595 3708 (Dicuil.
612 3649 633 3698 I.
651 3653 676 3709 8,
688 3654 712 3700 3.
730 3649 811 3700 Solin.
829 3647 919 3712 223.)
939 3647 1090 3712 CCCCXX,
1103 3651 1197 3702 Dionil.
1218 3649 1240 3702 I.

120 3722 180 3777 s,1.
200 3712 300 3777 OGXG,
308 3716 341 3765 K
358 3717 478 3778 Ineptum
486 3729 618 3764 numerum
627 3716 737 3777 primum
749 3717 809 3768 dicit
820 3719 887 3767 Pint.
914 3726 998 3782 ropter
1006 3719 1145 3780 sequentia.
1155 3758 1188 3767 ..
1197 3735 1244 3768 me-

121 3781 176 3847 dia,
188 3783 236 3834 Sa.
255 3782 342 3844 media
354 3782 407 3831 Rc.
426 3782 535 3843 mediam,
547 3782 602 3831 AT
610 3775 638 3831 θ.
661 3785 761 3845 mediae,
772 3786 876 3835 Barbar.
888 3733 938 3848 dr.
958 3825 989 3832 -
1008 3792 1094 3845 actem,
1106 3786 1132 3835 R
1140 3785 1180 3835 ²A
1189 3776 1243 3836 OS.

121 3846 334 3914 atqueffldfir.
354 3890 386 3900 -
407 3847 518 3908 Alterni,
533 3851 585 3900 lid.
604 3889 636 3897 -
658 3847 762 3911 Ateium,
773 3852 877 3901 Barbar.
889 3852 923 3900 A.
950 3849 1125 3914 Alpiumlio.
1151 3850 1244 3916 Alpini,

120 3915 229 3980 d(niin
240 3915 318 3980 corr.)
336 3914 372 3966 „¹
387 3915 489 3977 catillo,
500 3917 532 3965 Β.
552 3956 582 3964 ..
600 3914 633 3976 in,
644 3915 706 3966 Aa.
723 3915 786 3978 inde,
798 3917 877 3967 Hard.
890 3919 915 3966 R
926 3913 965 3979 (i)
976 3931 1001 3982 γ.
1021 3916 1078 3968 Om.
1094 3914 1124 3980 β.
1144 3957 1173 3968 ..
1196 3916 1244 3982 cd,

121 3985 189 4035 Pint.
202 3985 310 4054 anch.
336 3981 404 4046 OOC,
422 4000 441 4045 r,
459 3985 529 4046 quod
540 3998 573 4031 ex
584 3983 659 4032 Mart.
672 3988 695 4043 6,
709 3989 766 4032 6³9.
783 3985 891 4047 probant
902 3985 989 4035 Dalec.
1003 3991 1028 4034 et
1038 3985 1118 4036 Hard.
1137 4027 1168 4036 -
1188 3985 1244 4038 lati-

121 4051 236 4112 tudinem,
247 4052 303 4102 Ad.
321 4050 348 4100 in
361 4049 520 4110 latitudinem,
532 4045 610 4112 Ββγ.
629 4088 661 4098 ...
678 4047 787 4108 Arsiam,
800 4051 841 4099 d2.
864 4048 972 4112 Arsiam,
984 4054 1047 4103 R²d
1057 4055 1073 4103 ¹.
1095 4050 1180 4105 Arriam
1193 4055 1218 4106 R
1228 4057 1244 4105 ¹.

129 4117 234 4179 Vrsiam,
245 4118 280 4169 A.
291 4157 323 4168 ..
334 4116 432 4168 XXX.
444 4116 523 4178 LIX,
531 4119 562 4168 Β.
575 4115 660 4166 XXI.
673 4114 727 4167 XL
733 4116 796 4167 VII.
802 4135 837 4182 p,
847 4118 880 4168 A.
893 4117 1070 4183 XXXVIII,
1080 4121 1134 4172 Tc.
1146 4122 1244 4174 XXX.

118 4201 193 4250 paea.
209 4181 367 4315 13ΞέἩί
393 4184 468 4236 vicies
484 4194 585 4235 centena
600 4181 709 4245 XLIX,
726 4184 806 4236 Solin.
824 4191 847 4248 2,
864 4191 905 4237 28.
927 4188 1046 4238 Martias.
1060 4193 1083 4253 6,
1096 4196 1153 4241 ste.
1176 4191 1243 4240 Pint.

121 4268 194 4303 r...
207 4267 240 4318 pe
350 4289 356 4302 .
1001 4268 1008 4283 ¹
