2714 4710
147 294 239 338 LXXX
610 290 800 335 assumo.

146 449 178 506 in
199 447 319 505 modum
340 453 488 523 corrupta.
509 442 557 504 Ea
575 444 613 504 de
634 461 722 504 causa
741 443 828 502 etiam
845 442 875 501 in
895 443 1003 502 tahbus
1021 442 1108 516 loos,
1130 462 1205 520 quos
1224 464 1274 506 me

146 564 225 618 recte
239 556 424 634 interpretari
437 572 523 633 posse
536 555 601 632 ipse
613 555 815 632 desperabam,
835 552 1029 613 dubitationes
1043 571 1125 613 meas
1139 553 1274 632 prolerre

146 674 177 728 et
186 665 417 729 imbecillitatem
428 665 570 736 confiteri,
582 681 672 740 quam
686 663 813 740 speciem
823 681 875 722 eos
885 681 933 722 me
944 661 1127 723 intellexisse
1139 682 1213 741 prae
1222 684 1273 726 me

145 778 224 837 ferre
233 775 335 846 malui,
348 774 392 833 ita
402 774 519 832 demum
530 773 714 832 difficultates
725 789 801 831 ame
811 777 992 832 monstratas
1001 773 1160 849 aliquando
1170 793 1272 835 remo·

146 887 211 948 veri
224 901 312 964 posse
325 900 456 960 sperans.
477 881 673 942 Verbositatis
687 881 809 954 odmen,
823 881 984 941 dummodo
996 901 1050 960 per
1062 901 1129 942 eam
1141 902 1192 944 res
1204 884 1273 962 ipse

145 995 184 1055 sit
201 1001 347 1072 promota,
365 992 413 1052 his
431 992 463 1051 in
480 994 569 1051 rebus
583 991 680 1050 minus
693 989 851 1050 reformido
865 1009 955 1066 quem
967 992 1083 1053 ieiunae
1095 993 1271 1067 sterilitatis,

144 1121 205 1180 qua
217 1103 350 1175 efficitur,
365 1109 400 1160 ut
413 1102 507 1160 mirlta
520 1119 596 1176 quae
609 1101 782 1178 explicanda
796 1109 880 1160 erant
888 1118 949 1160 uon
959 1101 1143 1179 explicentur
1153 1102 1271 1178 etquid

143 1207 240 1272 editor
255 1211 371 1286 sentiat,
383 1228 470 1288 saepe
485 1210 658 1269 nesciamus.
680 1207 768 1283 Quod
781 1217 880 1268 autem
893 1227 954 1268 non
967 1211 1064 1271 omnia
1074 1200 1119 1272 'ita
1133 1213 1270 1290 exposui,

143 1322 256 1382 iactum
268 1321 300 1381 id
314 1328 358 1380 est
371 1339 425 1398 per
438 1337 578 1396 magnum
593 1318 689 1396 operis
703 1318 832 1378 Pliniani
845 1319 998 1380 ambitum.
1020 1319 1057 1380 In
1077 1321 1151 1381 locis
1164 1321 1269 1399 parel-

143 1432 210 1490 lelis
224 1451 241 1491 e
255 1431 379 1491 vetustis
393 1428 584 1507 scriptomhus
597 1429 752 1487 laudandis
766 1427 822 1487 hos
836 1427 909 1488 mihi
929 1430 1003 1489 lines
1017 1429 1112 1507 posui,
1131 1439 1167 1490 nt
1179 1430 1269 1489 modo

143 1541 296 1617 graviores
304 1557 407 1598 eorum
417 1538 562 1612 afferrem,
570 1556 644 1615 quos
650 1538 746 1615 ipsum
752 1537 881 1597 Plinium
888 1540 1070 1615 expressisse
1075 1536 1192 1617 (quales
1198 1547 1270 1599 sunt

142 1649 323 1723 Aristotelis,
339 1642 554 1728 Theophrasti)
568 1654 598 1706 et
610 1665 685 1724 quos
698 1649 736 1707 ab
750 1647 827 1721 aliis,
840 1648 884 1707 uti
897 1667 917 1708 a
929 1647 1027 1708 Plinio
1041 1648 1211 1722 Valeriano,
1228 1668 1269 1708 ex

142 1760 241 1819 Plinio
261 1767 394 1836 sumptos
412 1776 476 1818 esse
496 1756 683 1817 manifestum
697 1766 751 1830 est,
775 1775 851 1834 quae
870 1765 970 1817 autam
983 1759 1021 1818 ab
1034 1759 1100 1818 aliis
1113 1759 1268 1836 scriptori·

142 1870 199 1928 bus
207 1867 305 1926 Plinio
319 1885 451 1942 congrua
463 1874 631 1940 narrantur,
642 1885 678 1926 ea
691 1867 789 1927 omnia
799 1867 972 1940 omitterem,
986 1869 1052 1944 ipsa
1065 1886 1137 1927 vero
1147 1854 1267 1926 illerum

143 1979 318 2054 scriptorum
329 1977 420 2037 verba
430 1977 635 2048 exscriberem,
651 1976 704 2035 nbi
715 1977 816 2035 autad
826 1976 1047 2054 explicationem
1057 1978 1157 2037 autad
1167 1996 1267 2036 emen·

142 2087 287 2146 dationem
301 2087 433 2145 locorum
446 2083 651 2144 Plinianonum
664 2084 775 2143 referre
788 2086 953 2145 videbatur.
986 2083 1065 2160 Quid
1079 2087 1162 2146 verbi
1175 2106 1267 2146 causa

140 2195 216 2257 iuvit
234 2192 266 2268 2,
289 2190 341 2255 96.
363 2213 427 2271 sqq.
447 2192 576 2267 eLivio,
591 2194 713 2254 Valerio
727 2197 870 2270 Maximo,
892 2196 969 2256 Iulio
984 2194 1180 2274 Obsequenta,
1200 2194 1266 2256 aliis

141 2307 232 2366 verba
245 2305 360 2379 afferre,
376 2305 484 2380 quibus
498 2313 613 2365 ostenta
622 2323 642 2363 a
651 2305 748 2365 Plinio
761 2312 881 2365 narrata
894 2304 1081 2365 referuntur?
1101 2305 1218 2365 Pariter
1231 2307 1265 2366 in

140 2416 305 2476 nominibus
323 2414 526 2493 geographicis
545 2414 731 2488 Strabonem,
752 2413 934 2493 Stephanum
947 2414 1135 2494 Byzantium,
1156 2414 1265 2475 Ptole-

140 2543 268 2596 maeum,
288 2524 363 2584 ahos
377 2532 440 2584 tum
455 2527 573 2584 demum
586 2526 722 2602 produxi,
737 2525 788 2585 ubi
800 2544 854 2602 per
868 2527 1064 2585 coniecturam
1077 2525 1139 2584 tale
1155 2544 1264 2585 nomen

140 2653 219 2694 ame
238 2634 367 2710 primum
380 2640 427 2692 est
438 2633 624 2693 immutatum
638 2643 691 2704 aut
703 2635 850 2695 codicibus
863 2635 935 2694 nihil
954 2635 1012 2694 nisi
1029 2653 1143 2695 errores
1156 2634 1264 2695 calami

140 2742 343 2802 exhibentibus
357 2742 442 2802 lectio
456 2743 578 2818 vulgata
594 2740 610 2823 β
630 2743 686 2803 iuit
698 2745 859 2821 retinenda.
882 2745 968 2804 Hanc
988 2747 1027 2805 ad
1046 2745 1261 2818 vindicandam,

139 2854 342 2926 undecumque
355 2850 448 2930 potui,
470 2852 551 2911 locos
565 2852 723 2928 parallelos
738 2854 886 2927 arcessivi,
902 2856 1008 2930 quibus
1022 2855 1134 2914 frustra
1146 2856 1262 2931 quaesi·

137 2963 174 3022 tis
195 2981 302 3023 nomen
321 2963 419 3039 ipsum
440 2980 478 3020 ex
498 2979 581 3021 more
600 2962 671 3021 mihi
688 2970 807 3041 recepto
825 2964 857 3022 in
876 2965 1001 3025 indicam
1022 2965 1155 3024 criticum
1176 2965 1262 3025 reiecti
1340 3046 1343 3052 ,

136 3074 334 3149 reiectumque
347 3072 445 3132 littera
460 3068 477 3153 β
492 3071 626 3150 apposita
639 3073 751 3132 notavi.

179 3181 265 3242 Nihil
277 3183 336 3240 iam
350 3183 498 3256 reliquum
512 3191 566 3255 est,
582 3183 639 3240 nisi
652 3189 687 3241 ut
699 3184 834 3256 lectores,
849 3183 901 3259 qui
911 3183 980 3242 huic
990 3183 1065 3242 libro
1076 3184 1259 3260 contingent,

135 3291 271 3365 ingentes
285 3290 479 3361 difficultates,
494 3291 668 3363 quibuscum
681 3293 752 3350 mihi
766 3293 988 3352 conflictandum
1001 3293 1069 3367 init,
1084 3312 1122 3353 ne
1135 3312 1260 3371 prorsus

137 3398 359 3469 obliviscantur,
370 3399 457 3455 enixa
467 3391 578 3471 rogem.
601 3397 642 3455 Et
651 3400 776 3458 ambitus
791 3402 885 3478 operis
899 3409 929 3460 et
941 3421 1040 3461 rerum
1054 3403 1084 3461 in
1099 3421 1136 3463 eo
1149 3411 1259 3464 uecta·

135 3519 233 3568 tarum
246 3506 404 3565 multitudo
419 3515 449 3564 et
462 3505 587 3565 varietas
599 3506 668 3582 quin
678 3507 716 3566 ad
726 3510 836 3568 multos
846 3529 962 3570 errores
973 3509 1061 3589 (quos
1071 3515 1146 3572 tales
1155 3513 1260 3575 haberi

135 3637 222 3696 posse
242 3617 343 3690 velim,
364 3615 466 3690 quales
484 3615 652 3675 hominibus
666 3618 874 3678 condonandos
891 3639 956 3678 esse
970 3623 1137 3698 nuperrima
1157 3622 1259 3680 docuit

135 3746 267 3787 summus
278 3727 506 3785 Hermannus
517 3724 547 3782 in
558 3725 760 3786 dissertatione
772 3730 808 3786 de
818 3727 1154 3807 EuripidisTroadnhus,
1164 3750 1196 3809 p.
1208 3724 1257 3812 5.)

133 3856 182 3896 me
202 3836 365 3906 deduxerit,
384 3835 504 3894 minime
523 3836 635 3908 dubito,
657 3843 687 3893 et
701 3838 751 3914 qui
765 3843 861 3896 totum
875 3859 950 3916 opus
964 3859 1002 3899 ex
1015 3859 1076 3899 uno
1089 3859 1179 3917 quem
1192 3840 1257 3917 ipse

133 3946 317 4022 potissimum
330 3944 468 4004 tractavit
480 3945 546 4005 loco
566 3947 696 4006 iudicare
716 3954 746 4006 et
760 3965 844 4007 suam
860 3968 960 4009 curam
974 3951 1006 4009 in
1021 3970 1057 4009 re
1070 3950 1192 4027 pusilla,
1211 3949 1257 4008 uti

133 4056 226 4127 decet,
247 4071 470 4130 quoquoversus
488 4055 629 4115 intentam
648 4060 686 4116 ab
706 4059 816 4117 editore
835 4060 925 4118 totius
947 4060 1091 4119 naturalis
1111 4059 1269 4126 historiae¹

132 4174 269 4243 expetere
283 4165 421 4239 voluerit,
436 4167 482 4224 cui
495 4168 594 4244 generi
606 4168 736 4228 iudicum
749 4168 817 4228 telis
826 4168 914 4228 iudex
928 4171 1125 4232 accensendus
1139 4171 1187 4245 sit,
1203 4169 1254 4228 alii
