<?xml version="1.0" encoding="UTF-8"?>
<!DOCTYPE html PUBLIC "-//W3C//DTD XHTML 1.0 Transitional//EN"
    "http://www.w3.org/TR/xhtml1/DTD/xhtml1-transitional.dtd">
<html xmlns="http://www.w3.org/1999/xhtml" xml:lang="en" lang="en">
 <head>
  <title>
</title>
<meta http-equiv="Content-Type" content="text/html;charset=utf-8" />
  <meta name='ocr-system' content='tesseract 3.04.00' />
  <meta name='ocr-capabilities' content='ocr_page ocr_carea ocr_par ocr_line ocrx_word'/>
</head>
<body>
  <div class='ocr_page' id='page_1' title='image "./cplinisecundina00grongoog_0222.png"; bbox 0 0 2714 4710; ppageno 0'>
   <div class='ocr_carea' id='block_1_1' title="bbox 390 289 1300 377">
    <p class='ocr_par' dir='ltr' id='par_1_1' title="bbox 390 289 1300 377">
     <span class='ocr_line' id='line_1_1' title="bbox 390 289 1300 377; baseline 0.002 -25"><span class='ocrx_word' id='word_1_1' title='bbox 390 303 957 352; x_wconf 65' lang='lat' dir='ltr'><strong>mmmmmmms</strong></span> <span class='ocrx_word' id='word_1_2' title='bbox 1173 289 1300 377; x_wconf 62' lang='grc' dir='ltr'><strong>Μ·</strong></span> 
     </span>
    </p>
   </div>
   <div class='ocr_carea' id='block_1_2' title="bbox 51 453 1327 2357">
    <p class='ocr_par' dir='ltr' id='par_1_2' title="bbox 109 453 1236 1126">
     <span class='ocr_line' id='line_1_2' title="bbox 113 453 1234 542; baseline 0 -20"><span class='ocrx_word' id='word_1_3' title='bbox 113 457 286 542; x_wconf 76' lang='lat' dir='ltr'><strong>aufertque</strong></span> <span class='ocrx_word' id='word_1_4' title='bbox 305 453 464 533; x_wconf 91' lang='lat' dir='ltr'><strong>tenebras,</strong></span> <span class='ocrx_word' id='word_1_5' title='bbox 486 455 539 520; x_wconf 91' lang='lat' dir='ltr'><strong>hic</strong></span> <span class='ocrx_word' id='word_1_6' title='bbox 558 455 682 538; x_wconf 89' lang='lat' dir='ltr'><strong>reliqua</strong></span> <span class='ocrx_word' id='word_1_7' title='bbox 703 455 810 521; x_wconf 88' lang='lat' dir='ltr'><strong>sidera</strong></span> <span class='ocrx_word' id='word_1_8' title='bbox 830 456 977 532; x_wconf 89' lang='lat' dir='ltr'><strong>occultat,</strong></span> <span class='ocrx_word' id='word_1_9' title='bbox 1001 454 1159 535; x_wconf 78' lang='lat' dir='ltr'>inlustrat,</span> <span class='ocrx_word' id='word_1_10' title='bbox 1181 457 1234 522; x_wconf 93' lang='lat' dir='ltr'><strong>hio</strong></span> 
     </span>
     <span class='ocr_line' id='line_1_3' title="bbox 113 557 1231 644; baseline 0 -22"><span class='ocrx_word' id='word_1_11' title='bbox 113 557 193 622; x_wconf 87' lang='lat' dir='ltr'><strong>vicis</strong></span> <span class='ocrx_word' id='word_1_12' title='bbox 221 567 401 644; x_wconf 87' lang='lat' dir='ltr'><strong>temporum</strong></span> <span class='ocrx_word' id='word_1_13' title='bbox 428 577 611 640; x_wconf 90' lang='lat' dir='ltr'><strong>annumque</strong></span> <span class='ocrx_word' id='word_1_14' title='bbox 638 578 766 642; x_wconf 81' lang='lat' dir='ltr'>semper</span> <span class='ocrx_word' id='word_1_15' title='bbox 786 567 1006 621; x_wconf 77' lang='lat' dir='ltr'>renascentem</span> <span class='ocrx_word' id='word_1_16' title='bbox 1028 578 1069 620; x_wconf 86' lang='lat' dir='ltr'><strong>ex</strong></span> <span class='ocrx_word' id='word_1_17' title='bbox 1090 578 1152 620; x_wconf 92' lang='lat' dir='ltr'><strong>usu</strong></span> <span class='ocrx_word' id='word_1_18' title='bbox 1172 579 1231 622; x_wconf 91' lang='lat' dir='ltr'><strong>na·</strong></span> 
     </span>
     <span class='ocr_line' id='line_1_4' title="bbox 113 648 1233 743; baseline -0.001 -21"><span class='ocrx_word' id='word_1_19' title='bbox 113 669 206 723; x_wconf 91' lang='lat' dir='ltr'><strong>turae</strong></span> <span class='ocrx_word' id='word_1_20' title='bbox 228 667 401 743; x_wconf 87' lang='lat' dir='ltr'><strong>temperat,</strong></span> <span class='ocrx_word' id='word_1_21' title='bbox 423 655 476 720; x_wconf 92' lang='lat' dir='ltr'><strong>hic</strong></span> <span class='ocrx_word' id='word_1_22' title='bbox 497 657 577 722; x_wconf 88' lang='lat' dir='ltr'><strong>caeli</strong></span> <span class='ocrx_word' id='word_1_23' title='bbox 600 648 762 721; x_wconf 85' lang='lat' dir='ltr'><strong>tristitiam</strong></span> <span class='ocrx_word' id='word_1_24' title='bbox 784 657 915 722; x_wconf 78' lang='lat' dir='ltr'><strong>discutit</strong></span> <span class='ocrx_word' id='word_1_25' title='bbox 935 667 1032 742; x_wconf 87' lang='lat' dir='ltr'><strong>atque</strong></span> <span class='ocrx_word' id='word_1_26' title='bbox 1055 656 1151 722; x_wconf 86' lang='lat' dir='ltr'><strong>etiam</strong></span> <span class='ocrx_word' id='word_1_27' title='bbox 1172 656 1233 721; x_wconf 91' lang='lat' dir='ltr'><strong>hu-</strong></span> 
     </span>
     <span class='ocr_line' id='line_1_5' title="bbox 111 756 1234 842; baseline 0 -19"><span class='ocrx_word' id='word_1_28' title='bbox 111 758 201 823; x_wconf 89' lang='lat' dir='ltr'><strong>mani</strong></span> <span class='ocrx_word' id='word_1_29' title='bbox 221 757 332 825; x_wconf 91' lang='lat' dir='ltr'><strong>nubila</strong></span> <span class='ocrx_word' id='word_1_30' title='bbox 353 756 453 822; x_wconf 90' lang='lat' dir='ltr'><strong>animi</strong></span> <span class='ocrx_word' id='word_1_31' title='bbox 474 768 623 835; x_wconf 90' lang='lat' dir='ltr'><strong>serenat,</strong></span> <span class='ocrx_word' id='word_1_32' title='bbox 650 758 703 823; x_wconf 91' lang='lat' dir='ltr'><strong>hic</strong></span> <span class='ocrx_word' id='word_1_33' title='bbox 725 780 820 824; x_wconf 88' lang='lat' dir='ltr'><strong>suum</strong></span> <span class='ocrx_word' id='word_1_34' title='bbox 839 758 947 824; x_wconf 91' lang='lat' dir='ltr'><strong>lumen</strong></span> <span class='ocrx_word' id='word_1_35' title='bbox 969 757 1085 822; x_wconf 87' lang='lat' dir='ltr'><strong>ceteris</strong></span> <span class='ocrx_word' id='word_1_36' title='bbox 1107 780 1234 842; x_wconf 90' lang='lat' dir='ltr'><strong>quoque</strong></span> 
     </span>
     <span class='ocr_line' id='line_1_6' title="bbox 111 853 1236 946; baseline -0.001 -22"><span class='ocrx_word' id='word_1_37' title='bbox 111 853 273 924; x_wconf 73' lang='lat' dir='ltr'><strong>sideribus</strong></span> <span class='ocrx_word' id='word_1_38' title='bbox 292 859 429 936; x_wconf 78' lang='lat' dir='ltr'><strong>fenerat,</strong></span> <span class='ocrx_word' id='word_1_39' title='bbox 451 859 646 946; x_wconf 87' lang='lat' dir='ltr'><strong>praeclarus,</strong></span> <span class='ocrx_word' id='word_1_40' title='bbox 670 858 818 937; x_wconf 78' lang='lat' dir='ltr'><strong>eximius,</strong></span> <span class='ocrx_word' id='word_1_41' title='bbox 839 858 946 924; x_wconf 93' lang='lat' dir='ltr'><strong>omnia</strong></span> <span class='ocrx_word' id='word_1_42' title='bbox 966 857 1105 936; x_wconf 89' lang='lat' dir='ltr'><strong>intuens,</strong></span> <span class='ocrx_word' id='word_1_43' title='bbox 1129 858 1236 923; x_wconf 90' lang='lat' dir='ltr'><strong>omnia</strong></span> 
     </span>
     <span class='ocr_line' id='line_1_7' title="bbox 111 957 1235 1045; baseline -0.002 -21"><span class='ocrx_word' id='word_1_44' title='bbox 111 959 211 1024; x_wconf 87' lang='lat' dir='ltr'><strong>etiam</strong></span> <span class='ocrx_word' id='word_1_45' title='bbox 232 958 418 1037; x_wconf 86' lang='lat' dir='ltr'><strong>exaudiens,</strong></span> <span class='ocrx_word' id='word_1_46' title='bbox 440 969 478 1023; x_wconf 88' lang='lat' dir='ltr'><strong>ut</strong></span> <span class='ocrx_word' id='word_1_47' title='bbox 498 957 636 1044; x_wconf 81' lang='lat' dir='ltr'><strong>principi</strong></span> <span class='ocrx_word' id='word_1_48' title='bbox 657 958 835 1041; x_wconf 88' lang='lat' dir='ltr'><strong>litterarum</strong></span> <span class='ocrx_word' id='word_1_49' title='bbox 854 957 997 1025; x_wconf 87' lang='lat' dir='ltr'><strong>Homero</strong></span> <span class='ocrx_word' id='word_1_50' title='bbox 1017 959 1179 1045; x_wconf 77' lang='lat' dir='ltr'><strong>placuisse</strong></span> <span class='ocrx_word' id='word_1_51' title='bbox 1200 958 1235 1023; x_wconf 89' lang='lat' dir='ltr'><strong>in</strong></span> 
     </span>
     <span class='ocr_line' id='line_1_8' title="bbox 109 1059 363 1126; baseline -0.008 0"><span class='ocrx_word' id='word_1_52' title='bbox 109 1082 176 1126; x_wconf 92' lang='lat' dir='ltr'><strong>uno</strong></span> <span class='ocrx_word' id='word_1_53' title='bbox 199 1083 237 1126; x_wconf 88' lang='lat' dir='ltr'><strong>eo</strong></span> <span class='ocrx_word' id='word_1_54' title='bbox 258 1059 363 1126; x_wconf 85' lang='lat' dir='ltr'><strong>video.</strong></span> 
     </span>
    </p>

    <p class='ocr_par' dir='ltr' id='par_1_3' title="bbox 51 1157 1327 2357">
     <span class='ocr_line' id='line_1_9' title="bbox 153 1157 1280 1247; baseline -0.001 -21"><span class='ocrx_word' id='word_1_55' title='bbox 153 1159 249 1226; x_wconf 76' lang='lat' dir='ltr'><strong>Vn.</strong></span> <span class='ocrx_word' id='word_1_56' title='bbox 270 1161 301 1226; x_wconf 80' lang='lat'><strong>5.</strong></span> <span class='ocrx_word' id='word_1_57' title='bbox 324 1157 533 1246; x_wconf 81' lang='lat' dir='ltr'><strong>Quapropter</strong></span> <span class='ocrx_word' id='word_1_58' title='bbox 554 1158 695 1247; x_wconf 81' lang='lat' dir='ltr'><strong>effigiem</strong></span> <span class='ocrx_word' id='word_1_59' title='bbox 716 1159 768 1226; x_wconf 92' lang='lat' dir='ltr'><strong>dei</strong></span> <span class='ocrx_word' id='word_1_60' title='bbox 788 1160 989 1247; x_wconf 87' lang='lat' dir='ltr'><strong>formamque</strong></span> <span class='ocrx_word' id='word_1_61' title='bbox 1008 1182 1162 1245; x_wconf 79' lang='lat' dir='ltr'><strong>quaerere</strong></span> <span class='ocrx_word' id='word_1_62' title='bbox 1182 1160 1233 1225; x_wconf 91' lang='lat' dir='ltr'><strong>in·</strong></span> <span class='ocrx_word' id='word_1_63' title='bbox 1248 1180 1280 1225; x_wconf 88' lang='grc'><strong>14</strong></span> 
     </span>
     <span class='ocr_line' id='line_1_10' title="bbox 108 1257 1234 1345; baseline -0.001 -17"><span class='ocrx_word' id='word_1_64' title='bbox 108 1259 293 1328; x_wconf 78' lang='lat' dir='ltr'><strong>bacillitatis</strong></span> <span class='ocrx_word' id='word_1_65' title='bbox 313 1262 472 1327; x_wconf 80' lang='lat' dir='ltr'><strong>humanae</strong></span> <span class='ocrx_word' id='word_1_66' title='bbox 494 1282 575 1327; x_wconf 92' lang='lat' dir='ltr'><strong>reor.</strong></span> <span class='ocrx_word' id='word_1_67' title='bbox 618 1257 776 1345; x_wconf 76' lang='lat' dir='ltr'><strong>Quisquis</strong></span> <span class='ocrx_word' id='word_1_68' title='bbox 803 1270 852 1327; x_wconf 92' lang='lat' dir='ltr'><strong>est</strong></span> <span class='ocrx_word' id='word_1_69' title='bbox 879 1261 959 1326; x_wconf 92' lang='lat' dir='ltr'><strong>deus</strong></span> <span class='ocrx_word' id='word_1_70' title='bbox 971 1309 981 1340; x_wconf 94' lang='lat'><strong>,</strong></span> <span class='ocrx_word' id='word_1_71' title='bbox 1010 1261 1038 1325; x_wconf 90' lang='lat' dir='ltr'><strong>si</strong></span> <span class='ocrx_word' id='word_1_72' title='bbox 1063 1260 1158 1327; x_wconf 92' lang='lat' dir='ltr'><strong>modo</strong></span> <span class='ocrx_word' id='word_1_73' title='bbox 1184 1271 1234 1327; x_wconf 91' lang='lat' dir='ltr'><strong>est</strong></span> 
     </span>
     <span class='ocr_line' id='line_1_11' title="bbox 108 1361 1327 1448; baseline 0 -20"><span class='ocrx_word' id='word_1_74' title='bbox 108 1361 204 1440; x_wconf 89' lang='lat' dir='ltr'><strong>alius,</strong></span> <span class='ocrx_word' id='word_1_75' title='bbox 227 1371 262 1427; x_wconf 90' lang='lat' dir='ltr'><strong>et</strong></span> <span class='ocrx_word' id='word_1_76' title='bbox 283 1383 486 1447; x_wconf 86' lang='lat' dir='ltr'><strong>quacumque</strong></span> <span class='ocrx_word' id='word_1_77' title='bbox 506 1361 541 1425; x_wconf 92' lang='lat' dir='ltr'><strong>in</strong></span> <span class='ocrx_word' id='word_1_78' title='bbox 561 1372 669 1448; x_wconf 90' lang='lat' dir='ltr'><strong>parte,</strong></span> <span class='ocrx_word' id='word_1_79' title='bbox 692 1373 779 1428; x_wconf 88' lang='lat' dir='ltr'><strong>totus</strong></span> <span class='ocrx_word' id='word_1_80' title='bbox 801 1372 851 1427; x_wconf 92' lang='lat' dir='ltr'><strong>est</strong></span> <span class='ocrx_word' id='word_1_81' title='bbox 873 1384 1002 1441; x_wconf 91' lang='lat' dir='ltr'><strong>sensus,</strong></span> <span class='ocrx_word' id='word_1_82' title='bbox 1026 1372 1111 1428; x_wconf 89' lang='lat' dir='ltr'><strong>totus</strong></span> <span class='ocrx_word' id='word_1_83' title='bbox 1132 1362 1231 1442; x_wconf 80' lang='lat' dir='ltr'><strong>risus,</strong></span> <span class='ocrx_word' id='word_1_84' title='bbox 1324 1381 1327 1386; x_wconf 89' lang='grc'><em>·</em></span> 
     </span>
     <span class='ocr_line' id='line_1_12' title="bbox 109 1461 1231 1560; baseline 0 -32"><span class='ocrx_word' id='word_1_85' title='bbox 109 1473 199 1529; x_wconf 87' lang='lat' dir='ltr'><strong>totus</strong></span> <span class='ocrx_word' id='word_1_86' title='bbox 220 1461 371 1541; x_wconf 91' lang='lat' dir='ltr'><strong>auditus,</strong></span> <span class='ocrx_word' id='word_1_87' title='bbox 395 1471 481 1527; x_wconf 89' lang='lat' dir='ltr'><strong>totus</strong></span> <span class='ocrx_word' id='word_1_88' title='bbox 502 1462 649 1560; x_wconf 80' lang='lat' dir='ltr'><strong>animae,</strong></span> <span class='ocrx_word' id='word_1_89' title='bbox 673 1472 758 1529; x_wconf 87' lang='lat' dir='ltr'><strong>totus</strong></span> <span class='ocrx_word' id='word_1_90' title='bbox 780 1462 899 1540; x_wconf 90' lang='lat' dir='ltr'><strong>animi,</strong></span> <span class='ocrx_word' id='word_1_91' title='bbox 925 1473 1012 1529; x_wconf 90' lang='lat' dir='ltr'><strong>totus</strong></span> <span class='ocrx_word' id='word_1_92' title='bbox 1034 1462 1094 1528; x_wconf 93' lang='lat' dir='ltr'><strong>sui.</strong></span> <span class='ocrx_word' id='word_1_93' title='bbox 1130 1461 1231 1528; x_wconf 93' lang='lat' dir='ltr'><strong>Innu-</strong></span> 
     </span>
     <span class='ocr_line' id='line_1_13' title="bbox 107 1562 1233 1648; baseline 0.001 -20"><span class='ocrx_word' id='word_1_94' title='bbox 107 1584 223 1629; x_wconf 75' lang='lat' dir='ltr'><strong>meros,</strong></span> <span class='ocrx_word' id='word_1_95' title='bbox 236 1562 368 1648; x_wconf 87' lang='lat' dir='ltr'><strong>quidem</strong></span> <span class='ocrx_word' id='word_1_96' title='bbox 393 1562 526 1629; x_wconf 90' lang='lat' dir='ltr'><strong>credere</strong></span> <span class='ocrx_word' id='word_1_97' title='bbox 551 1574 650 1648; x_wconf 90' lang='lat' dir='ltr'><strong>atque</strong></span> <span class='ocrx_word' id='word_1_98' title='bbox 678 1564 776 1630; x_wconf 89' lang='lat' dir='ltr'><strong>etiam</strong></span> <span class='ocrx_word' id='word_1_99' title='bbox 803 1586 844 1627; x_wconf 86' lang='lat' dir='ltr'><strong>ex</strong></span> <span class='ocrx_word' id='word_1_100' title='bbox 872 1563 959 1627; x_wconf 89' lang='lat' dir='ltr'><strong>vitiis</strong></span> <span class='ocrx_word' id='word_1_101' title='bbox 985 1563 1167 1641; x_wconf 90' lang='lat' dir='ltr'><strong>hominum,</strong></span> <span class='ocrx_word' id='word_1_102' title='bbox 1195 1575 1233 1629; x_wconf 91' lang='lat' dir='ltr'><strong>ut</strong></span> 
     </span>
     <span class='ocr_line' id='line_1_14' title="bbox 51 1660 1229 1755; baseline 0.001 -28"><span class='ocrx_word' id='word_1_103' title='bbox 51 1703 58 1727; x_wconf 81' lang='grc'><strong>.</strong></span> <span class='ocrx_word' id='word_1_104' title='bbox 107 1663 319 1743; x_wconf 78' lang='lat' dir='ltr'><strong>Pudicitiam,</strong></span> <span class='ocrx_word' id='word_1_105' title='bbox 335 1661 563 1741; x_wconf 83' lang='lat' dir='ltr'><strong>Concordiam,</strong></span> <span class='ocrx_word' id='word_1_106' title='bbox 578 1662 739 1742; x_wconf 80' lang='lat' dir='ltr'><strong>Mentem,</strong></span> <span class='ocrx_word' id='word_1_107' title='bbox 756 1660 871 1749; x_wconf 88' lang='lat' dir='ltr'><strong>Spem,</strong></span> <span class='ocrx_word' id='word_1_108' title='bbox 886 1661 1061 1740; x_wconf 89' lang='lat' dir='ltr'><strong>Honorem,</strong></span> <span class='ocrx_word' id='word_1_109' title='bbox 1077 1660 1229 1755; x_wconf 75' lang='lat' dir='ltr'><strong>Clemen-</strong></span> 
     </span>
     <span class='ocr_line' id='line_1_15' title="bbox 109 1761 1227 1850; baseline 0 -21"><span class='ocrx_word' id='word_1_110' title='bbox 109 1763 199 1842; x_wconf 84' lang='lat' dir='ltr'><strong>tiam,</strong></span> <span class='ocrx_word' id='word_1_111' title='bbox 221 1762 349 1843; x_wconf 79' lang='lat' dir='ltr'><strong>Fidem,</strong></span> <span class='ocrx_word' id='word_1_112' title='bbox 371 1774 438 1842; x_wconf 90' lang='lat' dir='ltr'><strong>aut,</strong></span> <span class='ocrx_word' id='word_1_113' title='bbox 460 1774 498 1828; x_wconf 89' lang='lat' dir='ltr'><strong>ut</strong></span> <span class='ocrx_word' id='word_1_114' title='bbox 517 1762 704 1830; x_wconf 86' lang='lat' dir='ltr'><strong>Democrito</strong></span> <span class='ocrx_word' id='word_1_115' title='bbox 724 1763 857 1850; x_wconf 90' lang='lat' dir='ltr'><strong>placuit,</strong></span> <span class='ocrx_word' id='word_1_116' title='bbox 879 1763 960 1828; x_wconf 92' lang='lat' dir='ltr'><strong>duos</strong></span> <span class='ocrx_word' id='word_1_117' title='bbox 981 1761 1119 1842; x_wconf 90' lang='lat' dir='ltr'><strong>omnino,</strong></span> <span class='ocrx_word' id='word_1_118' title='bbox 1141 1762 1227 1829; x_wconf 91' lang='lat' dir='ltr'><strong>Poc-</strong></span> 
     </span>
     <span class='ocr_line' id='line_1_16' title="bbox 99 1862 1277 1952; baseline 0 -23"><span class='ocrx_word' id='word_1_119' title='bbox 99 1887 185 1930; x_wconf 87' lang='lat' dir='ltr'><strong>.nam</strong></span> <span class='ocrx_word' id='word_1_120' title='bbox 205 1875 238 1930; x_wconf 90' lang='lat' dir='ltr'><strong>et</strong></span> <span class='ocrx_word' id='word_1_121' title='bbox 250 1863 467 1944; x_wconf 86' lang='lat' dir='ltr'><strong>Beneficium,</strong></span> <span class='ocrx_word' id='word_1_122' title='bbox 489 1864 642 1930; x_wconf 90' lang='lat' dir='ltr'><strong>maiorem</strong></span> <span class='ocrx_word' id='word_1_123' title='bbox 664 1866 705 1929; x_wconf 91' lang='lat' dir='ltr'><strong>ad</strong></span> <span class='ocrx_word' id='word_1_124' title='bbox 727 1864 904 1930; x_wconf 90' lang='lat' dir='ltr'><strong>socordiam</strong></span> <span class='ocrx_word' id='word_1_125' title='bbox 926 1862 1059 1929; x_wconf 89' lang='lat' dir='ltr'><strong>accedit.</strong></span> <span class='ocrx_word' id='word_1_126' title='bbox 1089 1862 1230 1952; x_wconf 83' lang='lat' dir='ltr'><strong>Fragilis</strong></span> <span class='ocrx_word' id='word_1_127' title='bbox 1246 1884 1277 1929; x_wconf 80' lang='lat'><strong>15</strong></span> 
     </span>
     <span class='ocr_line' id='line_1_17' title="bbox 107 1964 1230 2054; baseline 0.001 -22"><span class='ocrx_word' id='word_1_128' title='bbox 107 1976 144 2032; x_wconf 88' lang='lat' dir='ltr'><strong>st</strong></span> <span class='ocrx_word' id='word_1_129' title='bbox 161 1965 321 2031; x_wconf 90' lang='lat' dir='ltr'><strong>laboriosa</strong></span> <span class='ocrx_word' id='word_1_130' title='bbox 340 1965 516 2032; x_wconf 84' lang='lat' dir='ltr'><strong>mortalitas</strong></span> <span class='ocrx_word' id='word_1_131' title='bbox 537 1965 571 2030; x_wconf 91' lang='lat' dir='ltr'><strong>in</strong></span> <span class='ocrx_word' id='word_1_132' title='bbox 592 1966 693 2051; x_wconf 89' lang='lat' dir='ltr'><strong>partis</strong></span> <span class='ocrx_word' id='word_1_133' title='bbox 711 1965 773 2030; x_wconf 88' lang='lat' dir='ltr'><strong>ista</strong></span> <span class='ocrx_word' id='word_1_134' title='bbox 791 1965 927 2054; x_wconf 87' lang='lat' dir='ltr'><strong>digessit</strong></span> <span class='ocrx_word' id='word_1_135' title='bbox 945 1964 1137 2031; x_wconf 83' lang='lat' dir='ltr'><strong>infirmitatis</strong></span> <span class='ocrx_word' id='word_1_136' title='bbox 1152 1989 1230 2033; x_wconf 91' lang='lat' dir='ltr'><strong>suae</strong></span> 
     </span>
     <span class='ocr_line' id='line_1_18' title="bbox 106 2065 1226 2154; baseline 0 -22"><span class='ocrx_word' id='word_1_137' title='bbox 106 2089 239 2146; x_wconf 91' lang='lat' dir='ltr'><strong>memor,</strong></span> <span class='ocrx_word' id='word_1_138' title='bbox 261 2077 300 2132; x_wconf 89' lang='lat' dir='ltr'><strong>ut</strong></span> <span class='ocrx_word' id='word_1_139' title='bbox 319 2066 517 2154; x_wconf 87' lang='lat' dir='ltr'><strong>portionibus</strong></span> <span class='ocrx_word' id='word_1_140' title='bbox 539 2067 657 2132; x_wconf 88' lang='lat' dir='ltr'><strong>coleret</strong></span> <span class='ocrx_word' id='word_1_141' title='bbox 671 2067 808 2152; x_wconf 89' lang='lat' dir='ltr'><strong>quisque</strong></span> <span class='ocrx_word' id='word_1_142' title='bbox 823 2089 888 2153; x_wconf 89' lang='lat' dir='ltr'><strong>quo</strong></span> <span class='ocrx_word' id='word_1_143' title='bbox 901 2065 1041 2131; x_wconf 80' lang='lat' dir='ltr'><strong>maxime</strong></span> <span class='ocrx_word' id='word_1_144' title='bbox 1055 2065 1226 2154; x_wconf 83' lang='lat' dir='ltr'><strong>indigeret.</strong></span> 
     </span>
     <span class='ocr_line' id='line_1_19' title="bbox 106 2166 1227 2254; baseline 0.002 -22"><span class='ocrx_word' id='word_1_145' title='bbox 106 2166 224 2254; x_wconf 89' lang='lat' dir='ltr'><strong>Itaque</strong></span> <span class='ocrx_word' id='word_1_146' title='bbox 244 2167 374 2233; x_wconf 92' lang='lat' dir='ltr'><strong>nomina</strong></span> <span class='ocrx_word' id='word_1_147' title='bbox 393 2168 456 2234; x_wconf 88' lang='lat' dir='ltr'><strong>alia</strong></span> <span class='ocrx_word' id='word_1_148' title='bbox 477 2167 550 2234; x_wconf 91' lang='lat' dir='ltr'><strong>aliis</strong></span> <span class='ocrx_word' id='word_1_149' title='bbox 570 2167 722 2254; x_wconf 86' lang='lat' dir='ltr'><strong>gentibus</strong></span> <span class='ocrx_word' id='word_1_150' title='bbox 744 2179 777 2234; x_wconf 90' lang='lat' dir='ltr'><strong>et</strong></span> <span class='ocrx_word' id='word_1_151' title='bbox 796 2168 929 2233; x_wconf 91' lang='lat' dir='ltr'><strong>numina</strong></span> <span class='ocrx_word' id='word_1_152' title='bbox 948 2167 983 2231; x_wconf 93' lang='lat' dir='ltr'><strong>in</strong></span> <span class='ocrx_word' id='word_1_153' title='bbox 1003 2166 1119 2233; x_wconf 88' lang='lat' dir='ltr'><strong>iisdem</strong></span> <span class='ocrx_word' id='word_1_154' title='bbox 1132 2169 1227 2235; x_wconf 90' lang='lat' dir='ltr'><strong>innu-</strong></span> 
     </span>
     <span class='ocr_line' id='line_1_20' title="bbox 105 2267 1230 2357; baseline -0.001 -23"><span class='ocrx_word' id='word_1_155' title='bbox 105 2268 273 2335; x_wconf 88' lang='lat' dir='ltr'><strong>merabilia</strong></span> <span class='ocrx_word' id='word_1_156' title='bbox 300 2267 503 2346; x_wconf 89' lang='lat' dir='ltr'><strong>invenimus,</strong></span> <span class='ocrx_word' id='word_1_157' title='bbox 536 2268 650 2334; x_wconf 81' lang='lat' dir='ltr'><strong>inferis</strong></span> <span class='ocrx_word' id='word_1_158' title='bbox 682 2289 810 2352; x_wconf 89' lang='lat' dir='ltr'><strong>quoque</strong></span> <span class='ocrx_word' id='word_1_159' title='bbox 843 2269 877 2333; x_wconf 92' lang='lat' dir='ltr'><strong>in</strong></span> <span class='ocrx_word' id='word_1_160' title='bbox 909 2290 1030 2357; x_wconf 85' lang='lat' dir='ltr'><strong>genera</strong></span> <span class='ocrx_word' id='word_1_161' title='bbox 1059 2268 1230 2354; x_wconf 90' lang='lat' dir='ltr'><strong>descriptis</strong></span> 
     </span>
    </p>
   </div>
   <div class='ocr_carea' id='block_1_3' title="bbox 104 2368 1228 2455">
    <p class='ocr_par' dir='ltr' id='par_1_4' title="bbox 104 2368 1228 2455">
     <span class='ocr_line' id='line_1_21' title="bbox 104 2368 1228 2455; baseline -0.003 -20"><span class='ocrx_word' id='word_1_162' title='bbox 104 2369 290 2455; x_wconf 87' lang='lat' dir='ltr'><strong>morbisque</strong></span> <span class='ocrx_word' id='word_1_163' title='bbox 311 2380 344 2435; x_wconf 90' lang='lat' dir='ltr'><strong>et</strong></span> <span class='ocrx_word' id='word_1_164' title='bbox 364 2369 473 2435; x_wconf 87' lang='lat' dir='ltr'><strong>multis</strong></span> <span class='ocrx_word' id='word_1_165' title='bbox 494 2369 592 2434; x_wconf 91' lang='lat' dir='ltr'><strong>etiam</strong></span> <span class='ocrx_word' id='word_1_166' title='bbox 613 2368 777 2455; x_wconf 92' lang='lat' dir='ltr'><strong>pestibus,</strong></span> <span class='ocrx_word' id='word_1_167' title='bbox 807 2369 885 2434; x_wconf 94' lang='lat' dir='ltr'><strong>dum</strong></span> <span class='ocrx_word' id='word_1_168' title='bbox 906 2390 977 2434; x_wconf 91' lang='lat' dir='ltr'><strong>esse</strong></span> <span class='ocrx_word' id='word_1_169' title='bbox 998 2368 1141 2454; x_wconf 86' lang='lat' dir='ltr'><strong>placatas</strong></span> <span class='ocrx_word' id='word_1_170' title='bbox 1163 2379 1228 2433; x_wconf 89' lang='lat' dir='ltr'><strong>tre-</strong></span> 
     </span>
    </p>
   </div>
   <div class='ocr_carea' id='block_1_4' title="bbox 97 2572 1229 3721">
    <p class='ocr_par' dir='ltr' id='par_1_5' title="bbox 104 2572 1229 2842">
     <span class='ocr_line' id='line_1_22' title="bbox 104 2572 1229 2641; baseline -0.001 -13"><span class='ocrx_word' id='word_1_171' title='bbox 104 2577 153 2628; x_wconf 82' lang='lat' dir='ltr'><strong>Tr.</strong></span> <span class='ocrx_word' id='word_1_172' title='bbox 178 2617 210 2627; x_wconf 89' lang='grc'><strong>..</strong></span> <span class='ocrx_word' id='word_1_173' title='bbox 233 2592 287 2626; x_wconf 80' lang='lat' dir='ltr'><strong>eam</strong></span> <span class='ocrx_word' id='word_1_174' title='bbox 303 2573 432 2628; x_wconf 80' lang='lat' dir='ltr'><strong>volubilem</strong></span> <span class='ocrx_word' id='word_1_175' title='bbox 446 2576 672 2638; x_wconf 62' lang='lat' dir='ltr'><strong>calamitatem.</strong></span> <span class='ocrx_word' id='word_1_176' title='bbox 695 2617 727 2626; x_wconf 91' lang='lat'><strong>..</strong></span> <span class='ocrx_word' id='word_1_177' title='bbox 751 2573 903 2641; x_wconf 71' lang='lat' dir='ltr'><strong>mederique,</strong></span> <span class='ocrx_word' id='word_1_178' title='bbox 919 2576 985 2639; x_wconf 89' lang='lat' dir='ltr'><strong>Pdp</strong></span> <span class='ocrx_word' id='word_1_179' title='bbox 1008 2572 1093 2637; x_wconf 88' lang='lat' dir='ltr'><strong>(codd.</strong></span> <span class='ocrx_word' id='word_1_180' title='bbox 1115 2577 1229 2628; x_wconf 80' lang='lat' dir='ltr'><strong>Tumebi</strong></span> 
     </span>
     <span class='ocr_line' id='line_1_23' title="bbox 104 2639 1228 2710; baseline 0 -16"><span class='ocrx_word' id='word_1_181' title='bbox 104 2645 162 2695; x_wconf 83' lang='lat' dir='ltr'><strong>sdv.</strong></span> <span class='ocrx_word' id='word_1_182' title='bbox 174 2649 216 2706; x_wconf 74' lang='lat'><strong>22,</strong></span> <span class='ocrx_word' id='word_1_183' title='bbox 228 2640 265 2706; x_wconf 91' lang='grc'><strong>4.)</strong></span> <span class='ocrx_word' id='word_1_184' title='bbox 283 2641 462 2709; x_wconf 68' lang='lat' dir='ltr'><strong>eademnam</strong></span> <span class='ocrx_word' id='word_1_185' title='bbox 480 2643 589 2704; x_wconf 69' lang='lat' dir='ltr'><strong>randena</strong></span> <span class='ocrx_word' id='word_1_186' title='bbox 604 2645 664 2707; x_wconf 79' lang='lat' dir='ltr'><strong>abg</strong></span> <span class='ocrx_word' id='word_1_187' title='bbox 680 2640 810 2706; x_wconf 84' lang='lat' dir='ltr'><strong>(Rcbert.)</strong></span> <span class='ocrx_word' id='word_1_188' title='bbox 826 2639 849 2706; x_wconf 84' lang='grc' dir='ltr'><em>β</em></span> <span class='ocrx_word' id='word_1_189' title='bbox 853 2658 878 2708; x_wconf 77' lang='grc' dir='ltr'><strong>γ.</strong></span> <span class='ocrx_word' id='word_1_190' title='bbox 898 2684 930 2694; x_wconf 76' lang='grc'>-</span> <span class='ocrx_word' id='word_1_191' title='bbox 948 2641 1076 2708; x_wconf 79' lang='lat' dir='ltr'><strong>eidemque,</strong></span> <span class='ocrx_word' id='word_1_192' title='bbox 1094 2645 1228 2710; x_wconf 79' lang='lat' dir='ltr'><strong>Pabdgp</strong></span> 
     </span>
     <span class='ocr_line' id='line_1_24' title="bbox 104 2708 1227 2776; baseline 0.001 -14"><span class='ocrx_word' id='word_1_193' title='bbox 104 2708 235 2774; x_wconf 75' lang='lat' dir='ltr'><strong>(Robert.)</strong></span> <span class='ocrx_word' id='word_1_194' title='bbox 253 2720 277 2760; x_wconf 84' lang='lat' dir='ltr'><strong>et</strong></span> <span class='ocrx_word' id='word_1_195' title='bbox 287 2709 373 2774; x_wconf 82' lang='lat' dir='ltr'><strong>eidem,</strong></span> <span class='ocrx_word' id='word_1_196' title='bbox 385 2713 457 2762; x_wconf 85' lang='lat' dir='ltr'><strong>codd.</strong></span> <span class='ocrx_word' id='word_1_197' title='bbox 473 2711 593 2762; x_wconf 82' lang='lat' dir='ltr'><strong>Turnebi.</strong></span> <span class='ocrx_word' id='word_1_198' title='bbox 616 2711 754 2776; x_wconf 58' lang='lat' dir='ltr'><strong>summoue,</strong></span> <span class='ocrx_word' id='word_1_199' title='bbox 771 2713 897 2763; x_wconf 84' lang='lat' dir='ltr'><strong>Richelet.</strong></span> <span class='ocrx_word' id='word_1_200' title='bbox 917 2754 948 2762; x_wconf 87' lang='lat'><em>-</em></span> <span class='ocrx_word' id='word_1_201' title='bbox 966 2712 1062 2771; x_wconf 64' lang='lat' dir='ltr'><strong>incedi,</strong></span> <span class='ocrx_word' id='word_1_202' title='bbox 1079 2711 1123 2776; x_wconf 86' lang='lat' dir='ltr'><strong>Pp</strong></span> <span class='ocrx_word' id='word_1_203' title='bbox 1141 2711 1227 2776; x_wconf 89' lang='lat' dir='ltr'><strong>(codd.</strong></span> 
     </span>
     <span class='ocr_line' id='line_1_25' title="bbox 104 2777 480 2842; baseline -0.003 -12"><span class='ocrx_word' id='word_1_204' title='bbox 104 2779 227 2841; x_wconf 76' lang='lat' dir='ltr'><strong>Turnebi,</strong></span> <span class='ocrx_word' id='word_1_205' title='bbox 238 2778 347 2841; x_wconf 72' lang='lat' dir='ltr'><strong>Richel,</strong></span> <span class='ocrx_word' id='word_1_206' title='bbox 360 2777 480 2842; x_wconf 87' lang='lat' dir='ltr'><strong>Robert.)</strong></span> 
     </span>
    </p>

    <p class='ocr_par' dir='ltr' id='par_1_6' title="bbox 138 2842 862 2911">
     <span class='ocr_line' id='line_1_26' title="bbox 138 2842 862 2911; baseline 0 -15"><span class='ocrx_word' id='word_1_207' title='bbox 138 2845 153 2907; x_wconf 60' lang='grc' dir='ltr'><strong><em>ἦ</em></strong></span> <span class='ocrx_word' id='word_1_208' title='bbox 168 2852 209 2897; x_wconf 82' lang='lat' dir='ltr'><strong>la.</strong></span> <span class='ocrx_word' id='word_1_209' title='bbox 226 2855 301 2908; x_wconf 86' lang='lat' dir='ltr'><strong>certa,</strong></span> <span class='ocrx_word' id='word_1_210' title='bbox 312 2861 337 2911; x_wconf 86' lang='lat' dir='ltr'><strong>p.</strong></span> <span class='ocrx_word' id='word_1_211' title='bbox 357 2887 389 2895; x_wconf 92' lang='grc'><strong>..</strong></span> <span class='ocrx_word' id='word_1_212' title='bbox 407 2847 511 2908; x_wconf 86' lang='lat' dir='ltr'><strong>Horam,</strong></span> <span class='ocrx_word' id='word_1_213' title='bbox 523 2861 541 2910; x_wconf 92' lang='lat' dir='ltr'><strong>p</strong></span> <span class='ocrx_word' id='word_1_214' title='bbox 553 2842 682 2909; x_wconf 80' lang='lat' dir='ltr'><strong>(Robert.)</strong></span> <span class='ocrx_word' id='word_1_215' title='bbox 705 2845 821 2908; x_wconf 80' lang='lat' dir='ltr'><strong>Quorum,</strong></span> <span class='ocrx_word' id='word_1_216' title='bbox 832 2847 862 2898; x_wconf 92' lang='lat' dir='ltr'><strong>P.</strong></span> 
     </span>
    </p>

    <p class='ocr_par' dir='ltr' id='par_1_7' title="bbox 101 2909 1227 3235">
     <span class='ocr_line' id='line_1_27' title="bbox 138 2909 1227 2978; baseline 0 -14"><span class='ocrx_word' id='word_1_217' title='bbox 138 2912 153 2974; x_wconf 60' lang='grc' dir='ltr'>ᾗ</span> <span class='ocrx_word' id='word_1_218' title='bbox 168 2919 208 2964; x_wconf 82' lang='grc'><strong>111.</strong></span> <span class='ocrx_word' id='word_1_219' title='bbox 227 2928 282 2962; x_wconf 80' lang='lat' dir='ltr'><strong>sese</strong></span> <span class='ocrx_word' id='word_1_220' title='bbox 294 2912 386 2976; x_wconf 79' lang='lat' dir='ltr'><strong>mandi,</strong></span> <span class='ocrx_word' id='word_1_221' title='bbox 398 2914 534 2978; x_wconf 80' lang='lat' dir='ltr'><strong>Pabdgp.</strong></span> <span class='ocrx_word' id='word_1_222' title='bbox 554 2914 638 2965; x_wconf 83' lang='lat' dir='ltr'><strong>mandi</strong></span> <span class='ocrx_word' id='word_1_223' title='bbox 648 2930 710 2976; x_wconf 81' lang='lat' dir='ltr'><strong>esse,</strong></span> <span class='ocrx_word' id='word_1_224' title='bbox 725 2909 778 2978; x_wconf 75' lang='grc' dir='ltr'><strong>βγ.</strong></span> <span class='ocrx_word' id='word_1_225' title='bbox 798 2955 829 2963; x_wconf 87' lang='grc'>-</span> <span class='ocrx_word' id='word_1_226' title='bbox 849 2911 907 2964; x_wconf 80' lang='lat' dir='ltr'><strong>dica</strong></span> <span class='ocrx_word' id='word_1_227' title='bbox 957 2919 998 2963; x_wconf 73' lang='grc' dir='ltr'><strong>ι’.</strong></span> <span class='ocrx_word' id='word_1_228' title='bbox 1017 2953 1049 2962; x_wconf 87' lang='grc'>-</span> <span class='ocrx_word' id='word_1_229' title='bbox 1067 2913 1227 2975; x_wconf 74' lang='lat' dir='ltr'><strong>aestimantes,</strong></span> 
     </span>
     <span class='ocr_line' id='line_1_28' title="bbox 103 2923 1226 3045; baseline -0.001 -13"><span class='ocrx_word' id='word_1_230' title='bbox 103 2981 148 3032; x_wconf 80' lang='lat' dir='ltr'><strong>ab.</strong></span> <span class='ocrx_word' id='word_1_231' title='bbox 161 2981 315 3042; x_wconf 63' lang='lat' dir='ltr'><strong>,eathncatea</strong></span> <span class='ocrx_word' id='word_1_232' title='bbox 332 2995 356 3029; x_wconf 83' lang='grc' dir='ltr'><strong>σ.</strong></span> <span class='ocrx_word' id='word_1_233' title='bbox 379 2979 554 3043; x_wconf 62' lang='lat' dir='ltr'><strong>mammantes,</strong></span> <span class='ocrx_word' id='word_1_234' title='bbox 566 2982 688 3045; x_wconf 79' lang='lat' dir='ltr'><strong>Pngp.</strong></span> <span class='ocrx_word' id='word_1_235' title='bbox 708 3021 740 3031; x_wconf 82' lang='grc'><strong>-</strong></span> <span class='ocrx_word' id='word_1_236' title='bbox 758 2981 880 3040; x_wconf 63' lang='lat' dir='ltr'><strong>dalmat,</strong></span> <span class='ocrx_word' id='word_1_237' title='bbox 891 2923 1008 3030; x_wconf 55' lang='lat' dir='ltr'><strong>Tudabr.</strong></span> <span class='ocrx_word' id='word_1_238' title='bbox 1027 2976 1226 3042; x_wconf 60' lang='lat' dir='ltr'><strong>illustratam</strong></span> 
     </span>
     <span class='ocr_line' id='line_1_29' title="bbox 102 3045 1226 3113; baseline -0.004 -13"><span class='ocrx_word' id='word_1_239' title='bbox 102 3047 193 3100; x_wconf 77' lang='lat' dir='ltr'><strong>Onia.</strong></span> <span class='ocrx_word' id='word_1_240' title='bbox 209 3048 276 3113; x_wconf 81' lang='lat' dir='ltr'><strong>ng</strong></span> <span class='ocrx_word' id='word_1_241' title='bbox 292 3045 423 3111; x_wconf 80' lang='lat' dir='ltr'><strong>(Robsrt)</strong></span> <span class='ocrx_word' id='word_1_242' title='bbox 438 3045 467 3111; x_wconf 81' lang='grc' dir='ltr'><strong>β.</strong></span> <span class='ocrx_word' id='word_1_243' title='bbox 491 3089 523 3098; x_wconf 87' lang='grc'>-</span> <span class='ocrx_word' id='word_1_244' title='bbox 547 3048 773 3109; x_wconf 74' lang='lat' dir='ltr'><strong>vim‚Robe1aus.</strong></span> <span class='ocrx_word' id='word_1_245' title='bbox 798 3087 828 3096; x_wconf 90' lang='lat'>-</span> <span class='ocrx_word' id='word_1_246' title='bbox 853 3061 1016 3107; x_wconf 80' lang='lat' dir='ltr'><strong>annorumque</strong></span> <span class='ocrx_word' id='word_1_247' title='bbox 1033 3059 1137 3108; x_wconf 76' lang='lat' dir='ltr'><strong>recusa,</strong></span> <span class='ocrx_word' id='word_1_248' title='bbox 1148 3061 1174 3111; x_wconf 92' lang='lat' dir='ltr'><strong>p.</strong></span> <span class='ocrx_word' id='word_1_249' title='bbox 1195 3087 1226 3096; x_wconf 87' lang='lat'><strong>..</strong></span> 
     </span>
     <span class='ocr_line' id='line_1_30' title="bbox 101 3110 1226 3180; baseline -0.003 -14"><span class='ocrx_word' id='word_1_250' title='bbox 101 3113 373 3180; x_wconf 62' lang='lat' dir='ltr'><strong>aswaaaaaam’p.</strong></span> <span class='ocrx_word' id='word_1_251' title='bbox 393 3156 425 3166; x_wconf 93' lang='grc'><strong>..</strong></span> <span class='ocrx_word' id='word_1_252' title='bbox 443 3117 481 3167; x_wconf 77' lang='lat' dir='ltr'><strong>lie</strong></span> <span class='ocrx_word' id='word_1_253' title='bbox 492 3156 524 3165; x_wconf 92' lang='lat'><strong>..</strong></span> <span class='ocrx_word' id='word_1_254' title='bbox 538 3116 704 3180; x_wconf 83' lang='lat' dir='ltr'><strong>feneratam.</strong></span> <span class='ocrx_word' id='word_1_255' title='bbox 716 3117 746 3164; x_wconf 90' lang='lat' dir='ltr'><strong>P.</strong></span> <span class='ocrx_word' id='word_1_256' title='bbox 767 3154 797 3162; x_wconf 84' lang='lat'>-</span> <span class='ocrx_word' id='word_1_257' title='bbox 817 3121 923 3174; x_wconf 81' lang='lat' dir='ltr'><strong>serenet,</strong></span> <span class='ocrx_word' id='word_1_258' title='bbox 935 3127 973 3176; x_wconf 89' lang='lat' dir='ltr'><strong>ap</strong></span> <span class='ocrx_word' id='word_1_259' title='bbox 990 3110 1120 3175; x_wconf 84' lang='lat' dir='ltr'><strong>(Robert.)</strong></span> <span class='ocrx_word' id='word_1_260' title='bbox 1141 3153 1172 3162; x_wconf 92' lang='lat'><strong>..</strong></span> <span class='ocrx_word' id='word_1_261' title='bbox 1191 3128 1226 3174; x_wconf 78' lang='lat' dir='ltr'><strong>ec,</strong></span> 
     </span>
     <span class='ocr_line' id='line_1_31' title="bbox 101 3184 293 3235; baseline -0.01 0"><span class='ocrx_word' id='word_1_262' title='bbox 101 3184 293 3235; x_wconf 86' lang='lat' dir='ltr'><strong>deletPintian.</strong></span> 
     </span>
    </p>

    <p class='ocr_par' dir='ltr' id='par_1_8' title="bbox 97 3243 1226 3721">
     <span class='ocr_line' id='line_1_32' title="bbox 136 3243 1226 3315; baseline -0.004 -13"><span class='ocrx_word' id='word_1_263' title='bbox 136 3249 152 3312; x_wconf 58' lang='grc' dir='ltr'><strong><em>ἦ</em></strong></span> <span class='ocrx_word' id='word_1_264' title='bbox 166 3256 207 3302; x_wconf 84' lang='grc'><strong>14.</strong></span> <span class='ocrx_word' id='word_1_265' title='bbox 225 3265 277 3315; x_wconf 79' lang='lat' dir='ltr'><strong>que,</strong></span> <span class='ocrx_word' id='word_1_266' title='bbox 289 3251 355 3302; x_wconf 88' lang='lat' dir='ltr'><strong>Pbd</strong></span> <span class='ocrx_word' id='word_1_267' title='bbox 366 3246 406 3313; x_wconf 92' lang='lat' dir='ltr'><strong>(in</strong></span> <span class='ocrx_word' id='word_1_268' title='bbox 416 3247 516 3311; x_wconf 87' lang='lat' dir='ltr'><strong>rasura)</strong></span> <span class='ocrx_word' id='word_1_269' title='bbox 528 3250 632 3300; x_wconf 81' lang='lat' dir='ltr'><strong>Robert.</strong></span> <span class='ocrx_word' id='word_1_270' title='bbox 646 3265 745 3314; x_wconf 78' lang='lat' dir='ltr'><strong>qaoque,</strong></span> <span class='ocrx_word' id='word_1_271' title='bbox 757 3263 802 3312; x_wconf 86' lang='lat' dir='ltr'><strong>ag.</strong></span> <span class='ocrx_word' id='word_1_272' title='bbox 821 3288 853 3298; x_wconf 78' lang='grc'>-</span> <span class='ocrx_word' id='word_1_273' title='bbox 871 3262 998 3312; x_wconf 78' lang='lat' dir='ltr'><strong>quaerere,</strong></span> <span class='ocrx_word' id='word_1_274' title='bbox 1009 3247 1053 3297; x_wconf 90' lang='lat' dir='ltr'><strong>Pd</strong></span> <span class='ocrx_word' id='word_1_275' title='bbox 1070 3243 1110 3309; x_wconf 91' lang='lat' dir='ltr'><strong>(in</strong></span> <span class='ocrx_word' id='word_1_276' title='bbox 1124 3244 1226 3310; x_wconf 88' lang='lat' dir='ltr'><strong>rasura)</strong></span> 
     </span>
     <span class='ocr_line' id='line_1_33' title="bbox 100 3313 1224 3382; baseline -0.007 -12"><span class='ocrx_word' id='word_1_277' title='bbox 100 3318 209 3370; x_wconf 72' lang='lat' dir='ltr'><strong>sonsa</strong></span> <span class='ocrx_word' id='word_1_278' title='bbox 222 3333 313 3380; x_wconf 79' lang='lat' dir='ltr'><strong>serere,</strong></span> <span class='ocrx_word' id='word_1_279' title='bbox 324 3319 389 3382; x_wconf 86' lang='lat' dir='ltr'><strong>sbg.</strong></span> <span class='ocrx_word' id='word_1_280' title='bbox 409 3358 441 3367; x_wconf 93' lang='grc'><strong>..</strong></span> <span class='ocrx_word' id='word_1_281' title='bbox 459 3317 554 3378; x_wconf 81' lang='lat' dir='ltr'><strong>mando,</strong></span> <span class='ocrx_word' id='word_1_282' title='bbox 565 3334 586 3380; x_wconf 94' lang='lat' dir='ltr'><strong>r,</strong></span> <span class='ocrx_word' id='word_1_283' title='bbox 601 3320 669 3367; x_wconf 89' lang='lat' dir='ltr'><strong>unde</strong></span> <span class='ocrx_word' id='word_1_284' title='bbox 684 3317 773 3368; x_wconf 86' lang='lat' dir='ltr'><strong>Dalec.</strong></span> <span class='ocrx_word' id='word_1_285' title='bbox 792 3333 810 3366; x_wconf 81' lang='lat' dir='ltr'><strong>a</strong></span> <span class='ocrx_word' id='word_1_286' title='bbox 825 3313 911 3366; x_wconf 80' lang='lat' dir='ltr'><strong>mando</strong></span> <span class='ocrx_word' id='word_1_287' title='bbox 928 3316 1076 3380; x_wconf 87' lang='lat' dir='ltr'><strong>suspicatur.</strong></span> <span class='ocrx_word' id='word_1_288' title='bbox 1096 3355 1127 3364; x_wconf 91' lang='grc'><strong>..</strong></span> <span class='ocrx_word' id='word_1_289' title='bbox 1146 3314 1224 3378; x_wconf 75' lang='lat' dir='ltr'><strong>alias,</strong></span> 
     </span>
     <span class='ocr_line' id='line_1_34' title="bbox 99 3383 1225 3450; baseline -0.004 -13"><span class='ocrx_word' id='word_1_290' title='bbox 99 3384 219 3450; x_wconf 81' lang='lat' dir='ltr'><strong>Pabdg.</strong></span> <span class='ocrx_word' id='word_1_291' title='bbox 236 3384 303 3436; x_wconf 80' lang='lat' dir='ltr'><strong>alias</strong></span> <span class='ocrx_word' id='word_1_292' title='bbox 320 3383 458 3450; x_wconf 66' lang='lat' dir='ltr'><strong>reliquiar,</strong></span> <span class='ocrx_word' id='word_1_293' title='bbox 480 3387 550 3448; x_wconf 88' lang='lat' dir='ltr'><strong>quod</strong></span> <span class='ocrx_word' id='word_1_294' title='bbox 565 3387 657 3449; x_wconf 85' lang='lat' dir='ltr'><strong>probat</strong></span> <span class='ocrx_word' id='word_1_295' title='bbox 672 3384 805 3435; x_wconf 84' lang='lat' dir='ltr'><strong>Muucker.</strong></span> <span class='ocrx_word' id='word_1_296' title='bbox 818 3385 851 3434; x_wconf 89' lang='lat' dir='ltr'><strong>ad</strong></span> <span class='ocrx_word' id='word_1_297' title='bbox 869 3384 986 3434; x_wconf 86' lang='lat' dir='ltr'><strong>Lactant.</strong></span> <span class='ocrx_word' id='word_1_298' title='bbox 1003 3383 1105 3450; x_wconf 72' lang='lat' dir='ltr'><strong>Placia</strong></span> <span class='ocrx_word' id='word_1_299' title='bbox 1126 3388 1165 3443; x_wconf 85' lang='lat'><strong>14,</strong></span> <span class='ocrx_word' id='word_1_300' title='bbox 1185 3388 1225 3433; x_wconf 86' lang='lat' dir='ltr'><strong>ls.</strong></span> 
     </span>
     <span class='ocr_line' id='line_1_35' title="bbox 99 3449 1225 3518; baseline -0.003 -15"><span class='ocrx_word' id='word_1_301' title='bbox 99 3451 205 3518; x_wconf 79' lang='lat' dir='ltr'><strong>aliquia,</strong></span> <span class='ocrx_word' id='word_1_302' title='bbox 225 3454 307 3506; x_wconf 84' lang='lat' dir='ltr'><strong>Beier.</strong></span> <span class='ocrx_word' id='word_1_303' title='bbox 328 3455 362 3503; x_wconf 84' lang='lat' dir='ltr'><strong>ad</strong></span> <span class='ocrx_word' id='word_1_304' title='bbox 382 3453 436 3505; x_wconf 82' lang='lat' dir='ltr'><strong>Cic.</strong></span> <span class='ocrx_word' id='word_1_305' title='bbox 457 3451 509 3504; x_wconf 81' lang='lat' dir='ltr'><strong>Off.</strong></span> <span class='ocrx_word' id='word_1_306' title='bbox 533 3459 555 3514; x_wconf 93' lang='lat'><strong>1,</strong></span> <span class='ocrx_word' id='word_1_307' title='bbox 577 3459 617 3503; x_wconf 88' lang='grc'><strong>44.</strong></span> <span class='ocrx_word' id='word_1_308' title='bbox 643 3451 718 3503; x_wconf 80' lang='lat' dir='ltr'><strong>Alias</strong></span> <span class='ocrx_word' id='word_1_309' title='bbox 731 3453 856 3503; x_wconf 87' lang='lat' dir='ltr'><strong>sciliceta</strong></span> <span class='ocrx_word' id='word_1_310' title='bbox 867 3452 929 3512; x_wconf 91' lang='lat' dir='ltr'><strong>sole,</strong></span> <span class='ocrx_word' id='word_1_311' title='bbox 947 3452 1006 3501; x_wconf 93' lang='lat' dir='ltr'><strong>coll.</strong></span> <span class='ocrx_word' id='word_1_312' title='bbox 1024 3449 1093 3510; x_wconf 63' lang='lat'><strong>518.</strong></span> <span class='ocrx_word' id='word_1_313' title='bbox 1112 3491 1143 3498; x_wconf 87' lang='lat'><em>-</em></span> <span class='ocrx_word' id='word_1_314' title='bbox 1162 3458 1225 3500; x_wconf 83' lang='lat' dir='ltr'><strong>totas</strong></span> 
     </span>
     <span class='ocr_line' id='line_1_36' title="bbox 99 3515 1225 3582; baseline -0.005 -10"><span class='ocrx_word' id='word_1_315' title='bbox 99 3523 172 3572; x_wconf 59' lang='lat' dir='ltr'><strong>asbus</strong></span> <span class='ocrx_word' id='word_1_316' title='bbox 183 3561 216 3570; x_wconf 93' lang='lat'><strong>..</strong></span> <span class='ocrx_word' id='word_1_317' title='bbox 228 3518 308 3571; x_wconf 79' lang='lat' dir='ltr'><strong>uaims&#39;</strong></span> <span class='ocrx_word' id='word_1_318' title='bbox 318 3535 368 3570; x_wconf 89' lang='lat' dir='ltr'><strong>om.</strong></span> <span class='ocrx_word' id='word_1_319' title='bbox 381 3515 410 3571; x_wconf 82' lang='grc' dir='ltr'><strong>θ.</strong></span> <span class='ocrx_word' id='word_1_320' title='bbox 429 3561 461 3571; x_wconf 90' lang='grc'><strong>..</strong></span> <span class='ocrx_word' id='word_1_321' title='bbox 479 3521 551 3571; x_wconf 80' lang='lat' dir='ltr'><strong>totius</strong></span> <span class='ocrx_word' id='word_1_322' title='bbox 566 3521 671 3582; x_wconf 77' lang='lat' dir='ltr'><strong>animae,</strong></span> <span class='ocrx_word' id='word_1_323' title='bbox 686 3522 758 3570; x_wconf 79' lang='lat' dir='ltr'><strong>totius</strong></span> <span class='ocrx_word' id='word_1_324' title='bbox 770 3520 856 3581; x_wconf 76' lang='lat' dir='ltr'><strong>animi,</strong></span> <span class='ocrx_word' id='word_1_325' title='bbox 869 3519 942 3569; x_wconf 81' lang='lat' dir='ltr'><strong>totius</strong></span> <span class='ocrx_word' id='word_1_326' title='bbox 958 3519 1005 3580; x_wconf 81' lang='lat' dir='ltr'><strong>sui,</strong></span> <span class='ocrx_word' id='word_1_327' title='bbox 1021 3519 1166 3569; x_wconf 85' lang='lat' dir='ltr'><strong>Heumann.</strong></span> <span class='ocrx_word' id='word_1_328' title='bbox 1184 3533 1225 3581; x_wconf 84' lang='lat' dir='ltr'><strong>ap.</strong></span> 
     </span>
     <span class='ocr_line' id='line_1_37' title="bbox 99 3583 1224 3652; baseline -0.012 -11"><span class='ocrx_word' id='word_1_329' title='bbox 99 3589 208 3641; x_wconf 70' lang='lat' dir='ltr'><strong>Gara.</strong></span> <span class='ocrx_word' id='word_1_330' title='bbox 228 3629 259 3638; x_wconf 88' lang='lat'><strong>..</strong></span> <span class='ocrx_word' id='word_1_331' title='bbox 278 3597 350 3652; x_wconf 75' lang='lat' dir='ltr'><strong>atque</strong></span> <span class='ocrx_word' id='word_1_332' title='bbox 368 3628 400 3638; x_wconf 80' lang='grc'>-</span> <span class='ocrx_word' id='word_1_333' title='bbox 416 3587 544 3651; x_wconf 64' lang='lat' dir='ltr'><strong>leminea</strong></span> <span class='ocrx_word' id='word_1_334' title='bbox 556 3589 672 3651; x_wconf 80' lang='lat' dir='ltr'><strong>TPbdg</strong></span> <span class='ocrx_word' id='word_1_335' title='bbox 692 3584 854 3650; x_wconf 85' lang='lat' dir='ltr'><strong>(Robertus.)</strong></span> <span class='ocrx_word' id='word_1_336' title='bbox 867 3586 1002 3637; x_wconf 72' lang='lat' dir='ltr'><strong>Consentia</strong></span> <span class='ocrx_word' id='word_1_337' title='bbox 1014 3602 1036 3646; x_wconf 87' lang='lat' dir='ltr'><strong>s,</strong></span> <span class='ocrx_word' id='word_1_338' title='bbox 1049 3586 1155 3634; x_wconf 85' lang='lat' dir='ltr'><strong>vocibus</strong></span> <span class='ocrx_word' id='word_1_339' title='bbox 1172 3583 1224 3633; x_wconf 85' lang='lat' dir='ltr'><strong>vir.</strong></span> 
     </span>
     <span class='ocr_line' id='line_1_38' title="bbox 97 3645 1223 3721; baseline -0.006 -13"><span class='ocrx_word' id='word_1_340' title='bbox 97 3656 190 3708; x_wconf 63' lang='lat' dir='ltr'><strong>mbas</strong></span> <span class='ocrx_word' id='word_1_341' title='bbox 206 3664 232 3706; x_wconf 84' lang='lat' dir='ltr'><strong>et</strong></span> <span class='ocrx_word' id='word_1_342' title='bbox 248 3672 296 3721; x_wconf 78' lang='lat' dir='ltr'><strong>qus</strong></span> <span class='ocrx_word' id='word_1_343' title='bbox 311 3657 495 3720; x_wconf 81' lang='lat' dir='ltr'><strong>suprascriptis.</strong></span> <span class='ocrx_word' id='word_1_344' title='bbox 507 3665 581 3720; x_wconf 80' lang='lat' dir='ltr'><strong>atque</strong></span> <span class='ocrx_word' id='word_1_345' title='bbox 596 3665 645 3706; x_wconf 84' lang='lat' dir='ltr'><strong>tam</strong></span> <span class='ocrx_word' id='word_1_346' title='bbox 662 3671 693 3704; x_wconf 80' lang='lat' dir='ltr'><strong>ea</strong></span> <span class='ocrx_word' id='word_1_347' title='bbox 709 3655 837 3706; x_wconf 66' lang='lat' dir='ltr'><strong>annaeus</strong></span> <span class='ocrx_word' id='word_1_348' title='bbox 850 3670 924 3719; x_wconf 80' lang='lat' dir='ltr'><strong>qaam</strong></span> <span class='ocrx_word' id='word_1_349' title='bbox 935 3671 965 3703; x_wconf 78' lang='lat' dir='ltr'><strong>er</strong></span> <span class='ocrx_word' id='word_1_350' title='bbox 977 3653 1042 3703; x_wconf 81' lang='lat' dir='ltr'><strong>vitiis</strong></span> <span class='ocrx_word' id='word_1_351' title='bbox 1054 3649 1181 3712; x_wconf 76' lang='lat' dir='ltr'><strong>laminam,</strong></span> <span class='ocrx_word' id='word_1_352' title='bbox 1194 3645 1223 3701; x_wconf 84' lang='grc' dir='ltr'><strong>θ.</strong></span> 
     </span>
    </p>
   </div>
   <div class='ocr_carea' id='block_1_5' title="bbox 18 3717 1225 3787">
    <p class='ocr_par' dir='ltr' id='par_1_9' title="bbox 18 3717 1225 3787">
     <span class='ocr_line' id='line_1_39' title="bbox 18 3717 1225 3787; baseline -0.004 -13"><span class='ocrx_word' id='word_1_353' title='bbox 18 3740 25 3744; x_wconf 88' lang='grc'><em>·</em></span> <span class='ocrx_word' id='word_1_354' title='bbox 97 3733 197 3786; x_wconf 69' lang='lat' dir='ltr'><strong>tusaque</strong></span> <span class='ocrx_word' id='word_1_355' title='bbox 210 3738 240 3773; x_wconf 78' lang='lat' dir='ltr'><strong>aa</strong></span> <span class='ocrx_word' id='word_1_356' title='bbox 252 3723 385 3773; x_wconf 71' lang='lat' dir='ltr'><strong>virtutibus</strong></span> <span class='ocrx_word' id='word_1_357' title='bbox 401 3720 517 3775; x_wconf 79' lang='lat' dir='ltr'><strong>lominum</strong></span> <span class='ocrx_word' id='word_1_358' title='bbox 534 3740 605 3787; x_wconf 82' lang='lat' dir='ltr'><strong>qaam</strong></span> <span class='ocrx_word' id='word_1_359' title='bbox 622 3723 695 3785; x_wconf 78' lang='lat' dir='ltr'><strong>va&#39;tiis,</strong></span> <span class='ocrx_word' id='word_1_360' title='bbox 710 3739 730 3772; x_wconf 92' lang='lat' dir='ltr'><strong>r.</strong></span> <span class='ocrx_word' id='word_1_361' title='bbox 749 3732 822 3787; x_wconf 81' lang='lat' dir='ltr'><strong>atque</strong></span> <span class='ocrx_word' id='word_1_362' title='bbox 838 3721 914 3771; x_wconf 81' lang='lat' dir='ltr'><strong>etiam</strong></span> <span class='ocrx_word' id='word_1_363' title='bbox 927 3736 958 3771; x_wconf 76' lang='lat' dir='ltr'><strong>er</strong></span> <span class='ocrx_word' id='word_1_364' title='bbox 969 3721 1097 3772; x_wconf 73' lang='lat' dir='ltr'><strong>virtutibus</strong></span> <span class='ocrx_word' id='word_1_365' title='bbox 1109 3717 1225 3783; x_wconf 71' lang='lat' dir='ltr'><strong>vitiaque</strong></span> 
     </span>
    </p>
   </div>
   <div class='ocr_carea' id='block_1_6' title="bbox 78 3786 1223 4261">
    <p class='ocr_par' dir='ltr' id='par_1_10' title="bbox 78 3786 1223 4261">
     <span class='ocr_line' id='line_1_40' title="bbox 98 3786 1223 3855; baseline -0.004 -15"><span class='ocrx_word' id='word_1_366' title='bbox 98 3789 228 3852; x_wconf 67' lang='lat' dir='ltr'><strong>lambrum,</strong></span> <span class='ocrx_word' id='word_1_367' title='bbox 239 3786 290 3855; x_wconf 74' lang='grc' dir='ltr'><strong>βγ.</strong></span> <span class='ocrx_word' id='word_1_368' title='bbox 307 3791 535 3854; x_wconf 84' lang='lat' dir='ltr'><strong>Interpolationem</strong></span> <span class='ocrx_word' id='word_1_369' title='bbox 546 3793 598 3840; x_wconf 88' lang='lat' dir='ltr'><strong>iam</strong></span> <span class='ocrx_word' id='word_1_370' title='bbox 609 3790 679 3855; x_wconf 87' lang='lat' dir='ltr'><strong>ipsae</strong></span> <span class='ocrx_word' id='word_1_371' title='bbox 691 3792 808 3841; x_wconf 87' lang='lat' dir='ltr'><strong>codicum</strong></span> <span class='ocrx_word' id='word_1_372' title='bbox 824 3790 1005 3851; x_wconf 86' lang='lat' dir='ltr'><strong>discrepantiae</strong></span> <span class='ocrx_word' id='word_1_373' title='bbox 1022 3791 1125 3848; x_wconf 82' lang='lat' dir='ltr'><strong>docent3</strong></span> <span class='ocrx_word' id='word_1_374' title='bbox 1145 3787 1223 3836; x_wconf 82' lang='lat' dir='ltr'><strong>virtu·</strong></span> 
     </span>
     <span class='ocr_line' id='line_1_41' title="bbox 97 3855 1223 3916; baseline -0.005 -6"><span class='ocrx_word' id='word_1_375' title='bbox 97 3868 139 3910; x_wconf 74' lang='lat' dir='ltr'><strong>ses</strong></span> <span class='ocrx_word' id='word_1_376' title='bbox 150 3874 167 3908; x_wconf 79' lang='lat' dir='ltr'><strong>a</strong></span> <span class='ocrx_word' id='word_1_377' title='bbox 177 3859 265 3909; x_wconf 89' lang='lat' dir='ltr'><strong>Plinio</strong></span> <span class='ocrx_word' id='word_1_378' title='bbox 276 3857 356 3908; x_wconf 88' lang='lat' dir='ltr'><strong>dictas</strong></span> <span class='ocrx_word' id='word_1_379' title='bbox 367 3859 485 3909; x_wconf 89' lang='lat' dir='ltr'><strong>homines</strong></span> <span class='ocrx_word' id='word_1_380' title='bbox 496 3876 527 3908; x_wconf 76' lang='lat' dir='ltr'><strong>ss</strong></span> <span class='ocrx_word' id='word_1_381' title='bbox 539 3859 605 3908; x_wconf 65' lang='lat' dir='ltr'><strong>vities</strong></span> <span class='ocrx_word' id='word_1_382' title='bbox 615 3859 680 3908; x_wconf 77' lang='lat' dir='ltr'><strong>inter</strong></span> <span class='ocrx_word' id='word_1_383' title='bbox 691 3861 751 3907; x_wconf 88' lang='lat' dir='ltr'><strong>deos</strong></span> <span class='ocrx_word' id='word_1_384' title='bbox 762 3858 899 3916; x_wconf 83' lang='lat' dir='ltr'><strong>habebant,</strong></span> <span class='ocrx_word' id='word_1_385' title='bbox 910 3856 926 3904; x_wconf 88' lang='lat' dir='ltr'><strong>i.</strong></span> <span class='ocrx_word' id='word_1_386' title='bbox 940 3871 960 3904; x_wconf 89' lang='lat' dir='ltr'><strong>e.</strong></span> <span class='ocrx_word' id='word_1_387' title='bbox 972 3857 1035 3906; x_wconf 83' lang='lat' dir='ltr'><strong>vitia</strong></span> <span class='ocrx_word' id='word_1_388' title='bbox 1042 3871 1090 3906; x_wconf 82' lang='lat' dir='ltr'><strong>sua</strong></span> <span class='ocrx_word' id='word_1_389' title='bbox 1097 3855 1223 3904; x_wconf 84' lang='lat' dir='ltr'><strong>intuentes</strong></span> 
     </span>
     <span class='ocr_line' id='line_1_42' title="bbox 97 3920 1220 4042; baseline -0.007 -65"><span class='ocrx_word' id='word_1_390' title='bbox 97 3927 159 4042; x_wconf 49' lang='lat' dir='ltr'><strong>igar</strong></span> <span class='ocrx_word' id='word_1_391' title='bbox 173 3927 280 3976; x_wconf 80' lang='lat' dir='ltr'><strong>virtutes</strong></span> <span class='ocrx_word' id='word_1_392' title='bbox 296 3927 402 3976; x_wconf 88' lang='lat' dir='ltr'><strong>deorum</strong></span> <span class='ocrx_word' id='word_1_393' title='bbox 416 3927 476 3975; x_wconf 92' lang='lat' dir='ltr'><strong>loco</strong></span> <span class='ocrx_word' id='word_1_394' title='bbox 501 3927 691 3984; x_wconf 85' lang='lat' dir='ltr'><strong>venerabantur,</strong></span> <span class='ocrx_word' id='word_1_395' title='bbox 716 3931 745 3973; x_wconf 89' lang='grc' dir='ltr'><strong>ιιι</strong></span> <span class='ocrx_word' id='word_1_396' title='bbox 759 3938 803 3974; x_wconf 88' lang='lat' dir='ltr'><strong>eae</strong></span> <span class='ocrx_word' id='word_1_397' title='bbox 819 3925 865 3973; x_wconf 87' lang='lat' dir='ltr'><strong>illa</strong></span> <span class='ocrx_word' id='word_1_398' title='bbox 880 3932 1033 3985; x_wconf 83' lang='lat' dir='ltr'><strong>averterent;</strong></span> <span class='ocrx_word' id='word_1_399' title='bbox 1055 3937 1078 3971; x_wconf 85' lang='lat' dir='ltr'><strong>v.</strong></span> <span class='ocrx_word' id='word_1_400' title='bbox 1097 3920 1111 3982; x_wconf 67' lang='grc' dir='ltr'><strong>ξ</strong></span> <span class='ocrx_word' id='word_1_401' title='bbox 1131 3927 1170 3970; x_wconf 76' lang='lat'><strong>15.</strong></span> <span class='ocrx_word' id='word_1_402' title='bbox 1190 3963 1220 3970; x_wconf 84' lang='grc'><strong>-</strong></span> 
     </span>
     <span class='ocr_line' id='line_1_43' title="bbox 128 3995 259 4044; baseline -0.023 1"><span class='ocrx_word' id='word_1_403' title='bbox 128 4010 208 4044; x_wconf 74' lang='lat' dir='ltr'><strong>omero</strong></span> <span class='ocrx_word' id='word_1_404' title='bbox 222 3995 259 4044; x_wconf 74' lang='grc' dir='ltr'><strong>Τ.</strong></span> 
     </span>
     <span class='ocr_line' id='line_1_44' title="bbox 133 4030 1220 4124; baseline -0.007 -12"><span class='ocrx_word' id='word_1_405' title='bbox 133 4059 149 4122; x_wconf 56' lang='grc' dir='ltr'><strong><em>ἦ</em></strong></span> <span class='ocrx_word' id='word_1_406' title='bbox 163 4030 310 4112; x_wconf 69' lang='grc' dir='ltr'><strong>16.ὀοῑενιι</strong></span> <span class='ocrx_word' id='word_1_407' title='bbox 322 4061 427 4124; x_wconf 67' lang='lat' dir='ltr'><strong>quasque,</strong></span> <span class='ocrx_word' id='word_1_408' title='bbox 439 4060 562 4122; x_wconf 76' lang='lat' dir='ltr'><strong>Psbdgr</strong></span> <span class='ocrx_word' id='word_1_409' title='bbox 582 4055 713 4119; x_wconf 77' lang='lat' dir='ltr'><strong>(Robora.)</strong></span> <span class='ocrx_word' id='word_1_410' title='bbox 732 4057 847 4122; x_wconf 77' lang='lat' dir='ltr'><strong>quisquis</strong></span> <span class='ocrx_word' id='word_1_411' title='bbox 858 4057 954 4120; x_wconf 83' lang='lat' dir='ltr'><strong>coleret,</strong></span> <span class='ocrx_word' id='word_1_412' title='bbox 965 4052 993 4119; x_wconf 79' lang='grc' dir='ltr'><strong>β.</strong></span> <span class='ocrx_word' id='word_1_413' title='bbox 1019 4096 1049 4108; x_wconf 78' lang='grc'><strong>..</strong></span> <span class='ocrx_word' id='word_1_414' title='bbox 1075 4055 1220 4118; x_wconf 78' lang='lat' dir='ltr'><strong>invenimus,</strong></span> 
     </span>
     <span class='ocr_line' id='line_1_45' title="bbox 98 4119 1220 4192; baseline -0.003 -15"><span class='ocrx_word' id='word_1_415' title='bbox 98 4121 221 4179; x_wconf 75' lang='lat' dir='ltr'><strong>Bder.</strong></span> <span class='ocrx_word' id='word_1_416' title='bbox 240 4126 384 4189; x_wconf 78' lang='lat' dir='ltr'><strong>invenimus,</strong></span> <span class='ocrx_word' id='word_1_417' title='bbox 396 4125 431 4177; x_wconf 83' lang='lat' dir='ltr'><strong>cl.</strong></span> <span class='ocrx_word' id='word_1_418' title='bbox 444 4125 588 4192; x_wconf 81' lang='lat' dir='ltr'><strong>reperimus,</strong></span> <span class='ocrx_word' id='word_1_419' title='bbox 600 4140 623 4174; x_wconf 92' lang='lat' dir='ltr'><strong>a.</strong></span> <span class='ocrx_word' id='word_1_420' title='bbox 641 4125 782 4190; x_wconf 81' lang='lat' dir='ltr'><strong>reperimus,</strong></span> <span class='ocrx_word' id='word_1_421' title='bbox 794 4125 862 4189; x_wconf 80' lang='lat' dir='ltr'><strong>ng</strong></span> <span class='ocrx_word' id='word_1_422' title='bbox 873 4122 1003 4188; x_wconf 83' lang='lat' dir='ltr'><strong>(Robert.)</strong></span> <span class='ocrx_word' id='word_1_423' title='bbox 1019 4119 1069 4190; x_wconf 75' lang='grc' dir='ltr'><strong>βγ.</strong></span> <span class='ocrx_word' id='word_1_424' title='bbox 1089 4165 1119 4174; x_wconf 88' lang='grc'><strong>...</strong></span> <span class='ocrx_word' id='word_1_425' title='bbox 1139 4124 1164 4173; x_wconf 83' lang='lat' dir='ltr'><strong>in</strong></span> <span class='ocrx_word' id='word_1_426' title='bbox 1180 4141 1220 4189; x_wconf 78' lang='lat' dir='ltr'><strong>pe-</strong></span> 
     </span>
     <span class='ocr_line' id='line_1_46' title="bbox 78 4191 711 4261; baseline -0.008 -14"><span class='ocrx_word' id='word_1_427' title='bbox 78 4240 81 4247; x_wconf 91' lang='lat'><strong>.</strong></span> <span class='ocrx_word' id='word_1_428' title='bbox 99 4210 162 4246; x_wconf 75' lang='lat' dir='ltr'><strong>aare</strong></span> <span class='ocrx_word' id='word_1_429' title='bbox 173 4192 275 4246; x_wconf 80' lang='lat' dir='ltr'><strong>deorum</strong></span> <span class='ocrx_word' id='word_1_430' title='bbox 286 4191 422 4261; x_wconf 76' lang='lat' dir='ltr'><strong>desenptis,</strong></span> <span class='ocrx_word' id='word_1_431' title='bbox 434 4211 454 4244; x_wconf 87' lang='lat' dir='ltr'><strong>r.</strong></span> <span class='ocrx_word' id='word_1_432' title='bbox 474 4235 505 4244; x_wconf 85' lang='grc'><strong>..</strong></span> <span class='ocrx_word' id='word_1_433' title='bbox 521 4193 631 4259; x_wconf 81' lang='lat' dir='ltr'><strong>placata,</strong></span> <span class='ocrx_word' id='word_1_434' title='bbox 643 4194 711 4257; x_wconf 84' lang='lat' dir='ltr'><strong>Ppr.</strong></span> 
     </span>
    </p>
   </div>
   <div class='ocr_carea' id='block_1_7' title="bbox 0 0 1362 4710">
    <p class='ocr_par' dir='ltr' id='par_1_11' title="bbox 0 0 1362 4710">
     <span class='ocr_line' id='line_1_47' title="bbox 0 0 1362 4710; baseline 0 5"><span class='ocrx_word' id='word_1_435' title='bbox 0 0 1362 4710; x_wconf 95' lang='lat' dir='ltr'><strong> </strong></span> 
     </span>
    </p>
   </div>
  </div>
 </body>
</html>
