2714 4710
147 304 216 349 un
611 304 800 348 pannulo.

146 474 216 516 rum
233 455 386 516 hominum
404 454 588 532 effugerant?
608 455 693 516 Nihil
713 457 813 516 critico
834 455 969 533 quamvis
987 455 1180 533 supercilioso
1199 476 1268 519 mo·

145 564 270 625 desdam
283 583 377 642 aeque
389 566 592 626 commendare
605 573 712 644 potest,
728 584 817 640 quam
831 565 934 637 codex,
954 565 1051 641 qualis
1064 567 1154 627 ast-in
1166 567 1269 628 Plinio

144 671 380 750 Bambergensia,
391 674 502 734 etmihi
511 675 568 751 ipsi
577 675 624 734 hie
633 674 707 735 bber
717 675 945 750 pretiosissimus
955 674 1042 748 viam,
1054 682 1090 734 ut
1102 682 1186 752 puto,
1201 695 1268 736 oer-

143 791 206 845 tam
219 785 404 855 monstravit,
418 801 479 859 qua
491 784 564 843 mihi
576 784 769 843 incedendum
787 791 873 844 esset.
894 784 955 846 Ubi
974 784 1053 844 enim
1070 784 1134 844 aius
1153 785 1268 857 auxilio

143 893 272 966 nitimur,
286 892 506 970 diligentissime
519 911 598 965 eum,
613 902 756 969 quantum
769 892 833 952 fieri
849 893 955 969 potuit,
969 901 1087 953 acutus
1100 901 1267 972 postremos

143 1020 198 1062 sex
212 1002 303 1062 Plinii
314 1003 408 1071 libros
422 1003 543 1062 adeum
557 1002 739 1062 conformavi
758 1007 788 1060 et
807 1001 931 1076 reliquis
951 1002 1086 1062 ommbns
1106 1003 1159 1079 qui
1178 1023 1266 1081 prae·

42 1172 45 1177 .
100 1182 103 1190 ¹
143 1120 225 1172 terea
242 1112 315 1171 mihi
329 1118 453 1188 praesto
475 1117 561 1170 erant
578 1111 727 1170 codicibus
741 1117 805 1169 tum
819 1110 937 1169 demum
949 1111 1061 1187 aliquid
1074 1111 1266 1172 tribuendum

142 1239 209 1282 esse
229 1221 415 1293 existimavi,
435 1239 501 1280 oum
520 1220 571 1278 ille
589 1227 690 1296 aperte
703 1226 861 1295 corruptus
874 1219 991 1279 medela
1002 1220 1121 1279 aliunde
1134 1220 1265 1296 petenda

142 1333 251 1405 egeret.
273 1329 351 1391 Sunt
364 1329 483 1404 quidem
496 1326 630 1386 homines
643 1326 694 1403 qui
707 1327 837 1387 codicem
847 1327 976 1401 aliquem
988 1333 1139 1402 tamquam
1149 1320 1264 1389 bonum

141 1448 300 1498 etcertum
318 1439 423 1497 ducem
443 1442 625 1512 compertum
646 1437 733 1495 etiem
752 1455 805 1512 per
824 1435 892 1495 avia
910 1444 941 1495 et
954 1436 1072 1495 dumeta
1086 1444 1264 1513 sequuntur,

140 1548 219 1607 caeci
227 1547 271 1606 illi
279 1547 421 1620 homines,
433 1546 503 1621 quia
513 1546 593 1604 caeci
603 1562 668 1604 esse
677 1544 793 1616 volunt,
805 1553 835 1603 et
842 1544 966 1621 proinde
976 1545 1015 1604 ad
1024 1545 1183 1626 labendum
1192 1565 1264 1624 pro·

141 1656 240 1717 olives.
255 1656 300 1715 Ac
309 1657 409 1715 nullus
420 1672 562 1730 umquam
575 1653 681 1726 codex,
695 1653 739 1712 uti
751 1655 808 1712 hoc
820 1653 865 1711 rei
875 1661 983 1712 natura
995 1653 1137 1729 ipseiert,
1147 1655 1263 1717 mendis

139 1783 264 1842 prorsus
274 1767 347 1824 liber
357 1774 414 1837 est,
422 1782 530 1841 easque
540 1760 920 1839 etiaminBambergenaem
930 1781 990 1820 non
1001 1780 1060 1820 uno
1071 1763 1101 1821 in
1110 1763 1176 1822 loco
1188 1765 1263 1823 irre·

139 1875 333 1950 psissesupra
339 1874 477 1932 vidimus.
493 1871 648 1931 Codicibus
659 1869 944 1946 bonis‚utMadvigii
954 1871 1153 1930 miticieximii
1161 1873 1262 1933 verbis

139 1989 208 2040 utar
216 1982 247 2040 in
257 1980 380 2057 epistola
390 1981 491 2040 critica
500 1978 690 2039 adOrellium
700 2000 731 2056 p.
740 1974 790 2039 59.
803 1979 930 2055 scriptis,
936 1980 1196 2056 obtemperandum
1202 1987 1261 2056 est,

138 2108 198 2148 non
210 2090 408 2161 serviendum,
422 2088 536 2163 hocque
549 2097 739 2167 praeceptum
752 2089 795 2146 ita
807 2106 907 2146 meum
920 2088 986 2161 ieu',
1000 2096 1035 2147 ut
1048 2088 1099 2147 ubi
1113 2088 1262 2171 scriptura

136 2198 245 2257 codicis
257 2198 285 2256 B
303 2199 419 2274 legibus
439 2197 647 2272 grammaticae
667 2197 823 2272 sensuique
840 2198 913 2256 recti
933 2197 1260 2272 adversarivideratur,

137 2325 206 2365 eum
220 2308 354 2365 deserere
367 2325 427 2365 non
441 2307 606 2365 dubitarem
625 2312 655 2363 et
674 2312 727 2365 aut
745 2307 784 2364 ad
801 2306 875 2364 alios
889 2306 1003 2364 codices
1016 2307 1118 2365 autad
1131 2307 1259 2367 aliorum

135 2433 275 2490 measque
289 2416 471 2475 coniecturas
484 2414 683 2490 confugerem,
697 2415 733 2473 de
748 2432 808 2489 qua
820 2433 854 2472 re
867 2415 1033 2473 accuratius
1050 2415 1190 2491 loquendi
1207 2415 1257 2474 in·-

135 2522 183 2582 fra
196 2525 279 2584 locus
293 2524 420 2583 dabitur.
442 2522 544 2583 Codici
555 2523 777 2598 Bambergensi,
791 2530 934 2598 quantum
947 2522 1011 2581 fieri
1023 2522 1128 2598 potuit,
1143 2526 1257 2583 obtem·

135 2632 266 2708 perando
286 2633 316 2689 id
335 2638 485 2708 praestare
498 2632 591 2701 volui,
606 2640 641 2690 ut
653 2639 731 2691 certe
744 2649 798 2688 sex
810 2631 950 2707 postremi
962 2632 1052 2690 Plinii
1065 2632 1135 2691 libri
1147 2650 1257 2691 secun-0

136 2740 206 2798 dum
225 2739 384 2798 severiores
404 2740 485 2814 leges
499 2739 570 2798 artis
586 2740 700 2800 criticae
713 2747 882 2807 constanter
902 2741 1047 2799 emendati
1066 2740 1255 2816 legarentnr3

135 2866 206 2907 num
219 2849 424 2924 praestiterim,
438 2849 580 2907 lectorum
594 2849 650 2906 erit
662 2849 811 2907 iudicium.

175 2957 247 3017 Alia
260 2975 308 3016 res
322 2956 378 3016 luit
391 2958 422 3015 in
436 2957 518 3016 libris
531 2958 680 3035 prioribus
696 2952 749 3038 (de
762 2958 877 3016 ratione
886 2977 945 3034 qua
954 2957 1079 3017 indicem
1088 2957 1157 3018 libri
1165 2957 1256 3036 primi

133 3068 321 3126 tractaverim
340 3067 379 3124 ad
397 3068 486 3127 huius
504 3068 620 3126 initium
635 3074 681 3126 est
695 3060 833 3145 dictum),
848 3068 899 3126 ubi
912 3046 995 3125 nobis
1009 3086 1028 3124 a
1040 3066 1255 3144 Bambergensl

134 3175 258 3234 desertis
272 3176 366 3252 magis
380 3177 518 3236 eclectioa
532 3195 609 3252 quae
623 3178 731 3236 dicitur
746 3177 814 3235 crisi
827 3177 968 3234 utendum
985 3176 1053 3235 fuit.
1073 3174 1152 3235 Nam
1170 3177 1252 3250 lieet,

132 3284 177 3341 nti
190 3302 244 3358 par
257 3283 323 3354 tuit,
338 3283 395 3341 hoc
409 3285 465 3341 sim
479 3294 607 3355 secutus,
622 3293 666 3358 ut,
681 3279 734 3360 qui
746 3286 777 3343 in
791 3285 914 3360 singulis
929 3285 1012 3344 libris
1023 3285 1254 3362 praestantiores

131 3390 259 3448 habendi
272 3397 371 3448 essent
381 3392 503 3462 codices,
515 3410 566 3450 eos
576 3411 629 3466 per
639 3394 694 3451 hos
704 3393 783 3468 ipsos
794 3394 886 3452 libros
898 3411 1048 3467 sequerer,
1059 3394 1163 3453 ceteris
1173 3394 1253 3453 eodi-

132 3498 213 3556 crbus
223 3504 289 3554 tum
299 3498 427 3569 demum,
438 3499 489 3557 ubi
498 3499 543 3557 illi
553 3499 754 3572 destituerent,
765 3503 795 3560 in
807 3502 968 3561 subsidium
978 3504 1099 3574 vocatis,
1115 3511 1145 3561 et
1153 3503 1184 3562 in
1194 3503 1254 3562 hae

130 3607 356 3697 lege'sequenda
366 3607 454 3664 etiam
464 3607 502 3664 ab
509 3606 659 3680 elegantiis
667 3609 799 3668 codicum
805 3609 947 3669 inferioris
957 3611 1065 3668 ordinis
1075 3629 1252 3686 numquam,

130 3723 273 3789 quantum
284 3717 355 3787 scio,
366 3734 413 3773 me
422 3714 518 3790 pellici
527 3733 632 3791 passus
642 3717 707 3790 sim,
714 3719 861 3777 maximus
868 3727 965 3778 tamen
971 3720 1251 3779 numeruslocornm

130 3830 203 3895 erat,
218 3824 270 3881 ubi
283 3826 368 3883 nobis
381 3844 400 3882 a
410 3824 578 3884 melioribus
590 3826 737 3885 codicibus
748 3827 891 3886 destitutis
900 3830 939 3886 ad
950 3830 1117 3900 deteriores,
1129 3828 1199 3903 quin
1210 3829 1250 3902 ad
1299 3881 1302 3884 ,

130 3931 300 3992 deterrimos
320 3933 545 4009 confugiendum
563 3934 637 4007 luit,
659 3953 717 3993 non
736 3953 795 4010 quo
814 3935 1084 4014 interpolationem,
1103 3944 1138 3996 ut
1156 3940 1251 3999 verba

130 4047 209 4099 certe
227 4040 286 4115 legi
304 4051 435 4117 possent,
453 4043 522 4101 inde
540 4044 708 4120 reciperem,
729 4045 782 4102 sed
800 4045 880 4119 quia,
902 4047 947 4104 uti
959 4066 990 4122 p.
1004 4045 1089 4106 LVI.
1104 4047 1249 4124 exemplis

129 4149 277 4209 nonnullis
291 4151 322 4210 in
335 4153 412 4211 hanc
425 4170 487 4210 rem
501 4151 598 4212 allatis
612 4153 810 4228 comprobavi,
824 4153 855 4211 in
869 4154 1033 4215 deterrimis
1048 4157 1122 4216 adeo
1137 4158 1248 4218 codici·
