2714 4710
134 308 240 351 xxvm
600 306 789 357 runnrerlo.

133 479 193 533 ras,
207 462 267 517 iam
280 460 309 518 in
323 457 503 535 praefatione
516 461 673 520 voluminis
685 460 725 518 V.
737 479 768 535 p.
779 458 869 518 XIX.
886 456 1020 516 editionis
1034 475 1119 515 meae
1132 458 1257 516 minoris

133 569 266 644 quemvis
285 568 500 627 intellecturum
519 587 585 628 esse
605 569 681 640 dixi,
702 586 791 643 quam
809 567 871 627 alto
891 567 1046 644 supercilio
1065 575 1096 625 et
1117 568 1206 641 quasi
1218 567 1259 626 de

132 678 248 755 tripode
267 678 323 738 hoc
342 679 380 736 ab
400 676 556 736 Harduino
577 678 616 735 sit
634 677 864 753 pronuntiatum,
886 676 1100 752 cuipraeterea
1112 694 1259 752 perquam

132 787 248 846 difficile
261 787 395 871 futurum
408 784 515 845 fuisset
528 793 596 862 apte
610 787 694 844 nobis
707 787 887 863 respondere
900 786 1120 861 quaerentibus,
1135 786 1259 860 quinam

131 895 248 955 tandem
269 895 378 954 fuerint
397 894 446 953 isti
466 896 572 954 eruditi
586 896 702 953 nomine
716 895 819 972 ignoti,
839 896 970 971 quitum
989 894 1138 970 ingentem
1158 895 1259 952 conie-

134 1011 286 1063 cturarum
298 1023 457 1064 numerum
481 1023 548 1063 cum
562 1004 753 1081 Daleoampio
777 1005 1043 1075 communicarent,
1069 1021 1107 1061 ne
1131 1004 1259 1063 verbum

133 1114 250 1190 quidem
263 1115 299 1172 de
313 1113 479 1172 hominibus
493 1114 594 1185 doctis,
610 1132 684 1188 quos
698 1113 871 1173 Harduinus
894 1114 951 1173 sibi
968 1113 1105 1185 finxerit,
1119 1113 1259 1172 addente.

134 1220 222 1295 Quod
232 1241 332 1281 meum
342 1222 479 1281 iudicium
490 1231 593 1298 postea
602 1223 665 1280 Ian
672 1241 713 1280 ns
724 1224 756 1281 in
766 1224 876 1282 nuntiis
886 1222 1010 1280 litterar.
1031 1222 1261 1281 Monacensibns

135 1326 228 1391 1836.
250 1350 295 1388 nr.
317 1327 388 1390 164.
408 1350 439 1407 p.
461 1327 532 1390 267.
552 1351 613 1389 non
629 1332 725 1391 solum
740 1333 953 1409 comprobavit,
969 1328 1125 1390 sedetiam
1144 1331 1262 1406 aliquot

134 1457 279 1513 errorum,
301 1458 376 1515 quos
396 1440 428 1499 in
446 1441 705 1498 commemorandis
726 1441 786 1499 illis
806 1441 980 1500 lectionibus
999 1442 1031 1498 in
1050 1440 1174 1498 editione
1191 1458 1261 1498 mea

136 1548 248 1629 minore
262 1549 473 1620 commiseram,
489 1567 536 1606 me
549 1551 709 1608 admonuit.
731 1549 798 1608 Hac
816 1550 907 1624 igitur
928 1549 1052 1607 editione
1070 1548 1262 1608 maioresne·

137 1664 222 1735 cepta
240 1666 332 1718 totam
351 1676 416 1717 rem
436 1658 654 1718 accuratissime
673 1659 908 1734 investigandam
923 1659 1035 1730 censui,
1049 1675 1145 1733 neque
1158 1657 1263 1716 dubito

133 1768 204 1844 quin
218 1769 352 1828 omnibus
366 1771 560 1845 argumentis,
580 1759 657 1846 quae
677 1769 810 1845 proferre
829 1753 929 1844 potui,
951 1776 981 1826 et
1000 1766 1120 1842 cognitis
1142 1774 1173 1824 et
1185 1784 1262 1843 pon·

134 1877 243 1936 (ieratis
257 1867 382 1935 lectores
396 1885 511 1935 tantum
524 1879 626 1936 abesse
640 1879 700 1936 sint
714 1877 888 1949 confessuri,
910 1885 945 1935 ut
956 1876 1113 1946 Harduini‚
1135 1875 1263 1935 hominis

137 1985 228 2044 astuti
252 1985 376 2060 aliisquo
401 2003 456 2044 sua
480 1986 675 2063 surripientis,
700 1986 803 2044 iudicio
828 1985 975 2044 malevolo
1000 1986 1037 2043 de
1059 1983 1263 2061 Delecampio,

137 2095 254 2155 homine
267 2097 361 2172 probo
375 2095 548 2170 minimeque
562 2097 689 2166 indocto,
713 2096 751 2154 sit
770 2097 1000 2168 assentiendum,
1015 2103 1050 2153 ut
1066 2112 1122 2170 per
1138 2094 1207 2153 illas
1220 2094 1265 2154 le·

138 2205 247 2264 etiem
261 2204 365 2262 littaris
380 2204 487 2263 VetM
500 2211 616 2264 notatas
632 2211 709 2264 certe
723 2205 817 2264 multo
832 2207 962 2264 maxima
975 2223 1014 2263 ex
1027 2211 1112 2280 perte
1128 2204 1265 2264 codicum

137 2314 346 2390 discrepantias
361 2321 492 2374 servatas
506 2316 545 2373 sit
559 2315 744 2374 credendum.
767 2315 814 2374 Ac
826 2317 956 2392 primum
970 2315 1090 2390 quidem
1103 2312 1266 2374 Daleeem·

135 2424 201 2500 pius
214 2424 313 2489 littera
325 2421 369 2481 Μ·
379 2431 480 2496 utens,
502 2443 556 2501 pro
570 2442 630 2500 qua
643 2442 698 2499 ego
713 2425 822 2500 ubique
836 2443 852 2481 r
866 2424 966 2500 posui,
994 2442 1111 2499 semper
1123 2422 1265 2482 lectiones

139 2552 178 2592 ex
190 2533 271 2592 libris
284 2534 491 2611 manuscriptis
505 2533 627 2592 haustas
642 2534 826 2610 significavit,
848 2534 928 2608 quod
946 2532 1072 2609 primum
1091 2506 1159 2592 inde
1173 2534 1265 2592 disci-

138 2660 216 2716 mus,
225 2644 313 2717 quod,
321 2644 365 2701 uti
373 2643 507 2718 singulae
517 2641 578 2700 fere
588 2642 766 2720 paragraphi
777 2642 910 2702 editionis
921 2651 1039 2701 nostrae
1050 2643 1165 2715 docent,
1175 2643 1267 2718 longe

141 2752 284 2830 plurimae
302 2751 420 2810 illarum
440 2751 596 2810 lectionum
615 2772 668 2829 per
688 2753 803 2812 codices
823 2759 930 2828 postea
949 2752 1073 2811 collatos
1089 2753 1267 2812 confirman-

138 2871 200 2934 tur,
225 2871 299 2933 tum,
325 2862 357 2920 id
380 2861 462 2937 quod
486 2861 580 2919 multo
603 2873 648 2920 est
667 2864 798 2940 gravius,
819 2881 907 2939 saepe
928 2863 1003 2921 tales
1023 2863 1164 2921 lectiones
1178 2880 1217 2919 ex
1230 2859 1267 2918 M

138 2970 214 3050 (sive
226 2966 259 3052 r)
273 2980 343 3030 sunt
355 2964 499 3042 enotatae,
514 2991 649 3047 quarum,
665 2990 732 3031 oum
745 2974 826 3049 ipsae
840 2993 859 3031 a
873 2973 1020 3032 codicibus
1035 2971 1098 3030 aliis
1120 2990 1181 3029 non
1194 2988 1287 3029 conv

139 3083 302 3154 firmentur,
323 3081 485 3140 certissima
505 3089 602 3140 umen
617 3083 743 3157 vestigia
762 3083 826 3140 aliis
846 3082 876 3139 in
898 3084 1046 3141 codicibus
1066 3081 1267 3143 inveniuntur.

143 3190 191 3250 Ite
201 3187 232 3262 2,
244 3187 317 3251 230.
329 3209 405 3251 unus
415 3210 431 3249 r
440 3192 530 3249 habet
536 3197 608 3270 sons
620 3195 802 3269 incorreptos
816 3211 926 3269 semper
942 3196 1075 3269 praestat
1092 3210 1196 3266 aquus,
1215 3189 1268 3249 ubi

145 3317 213 3359 cum
226 3299 351 3358 aliorum
372 3299 502 3357 codicum
514 3301 626 3359 librarii
640 3319 694 3377 pro
707 3301 759 3358 illo
773 3321 883 3379 semper
897 3321 935 3359 ex
948 3303 1046 3377 inepto
1060 3319 1171 3372 errore,
1181 3300 1268 3360 cuius

64 3486 67 3491 ι
142 3407 209 3468 fons
229 3409 375 3466 neminem
388 3408 491 3485 fugiet,
511 3414 682 3467 onerassent
702 3413 732 3468 in
747 3414 831 3487 spiro
844 3412 893 3470 vel
907 3413 999 3487 spira,
1015 3412 1052 3469 ab
1069 3409 1134 3468 eliis
1148 3410 1267 3480 scribis,

140 3515 210 3590 Ad,
226 3524 257 3575 et
270 3517 430 3576 editorrbus
445 3517 579 3576 omnibus
593 3517 668 3577 illud
688 3520 859 3578 adverbium
874 3528 921 3578 est
934 3519 1086 3591 omissum,
1107 3519 1179 3594 quic
1197 3518 1269 3578 iilee

140 3628 238 3688 malae
251 3628 392 3686 lectiones
405 3628 517 3686 iustum
531 3645 651 3686 sensum
664 3647 724 3686 non
737 3628 902 3688 funderent.
925 3628 970 3687 At
989 3645 1109 3704 quaeso,
1123 3627 1268 3694 undosas

144 3746 225 3797 ortas
243 3739 338 3810 dicas,
360 3737 418 3795 nisi
437 3755 475 3795 ex
493 3737 593 3811 eliqua
614 3738 738 3797 lectione
755 3738 833 3796 male
847 3736 1013 3796 intellecta?
1035 3737 1165 3796 Facilior
1179 3736 1268 3795 etiam

81 3852 84 3861 '
142 3864 192 3907 res
213 3856 259 3906 est
273 3847 431 3908 intellectu
450 3844 488 3919 4,
512 3843 575 3922 26.,
595 3848 645 3907 nbi
660 3867 728 3906 exr
748 3848 948 3924 recipiendum
968 3848 1024 3906 tuit
1045 3848 1150 3906 obiecto
1171 3849 1269 3907 insula

145 3956 427 4032 mancationem
451 3958 556 4034 magis,
576 3977 647 4027 cum,
662 3956 694 4015 A
714 3957 822 4016 habeat
840 3960 945 4018 obieeta
959 3960 1070 4018 insulae
1090 3958 1195 4029 αῠοοα,
1216 3957 1269 4031 qui

146 4064 222 4127 levis
253 4085 334 4126 error
363 4075 468 4145 postea
491 4068 671 4127 occasionem
702 4065 861 4126 lectionum
887 4068 995 4127 obiectu
1025 4068 1206 4128 inauleuboec
1239 4071 1270 4122 et

142 4177 248 4240 obiectu
268 4179 377 4240 insulae
398 4179 529 4240 Euboeae
552 4177 645 4251 dedit,
672 4194 797 4253 quarum
817 4180 890 4238 haec
910 4178 941 4237 in
961 4178 1100 4239 editiones
1131 4175 1268 4254 vulgatas
