2714 4710
173 337 282 380 XXXIV
640 333 828 379 rasurum.

172 508 230 549 nus
245 488 294 549 vel
302 458 340 547 in
354 506 415 546 uno
430 488 478 547 vel
491 487 522 546 in
537 486 671 564 plurima
687 504 808 547 suorum
822 484 965 544 librorum
978 484 1100 544 eandem
1120 485 1296 562 scripturam

171 605 288 658 exstars
302 598 382 669 dioit,
397 614 486 673 qnam
500 596 549 654 vol
563 594 678 655 Ianus
692 594 741 655 vel
754 595 958 653 Dflbnerus
971 592 1020 653 val
1033 609 1089 669 ego
1101 593 1134 651 in
1145 593 1295 654 unoalte·

170 726 246 768 rova
260 707 421 767 eorundem
435 704 568 764 oodioum
582 702 795 764 Parisiansium
810 703 989 773 invenimus,
1003 701 1149 761 Harduini
1161 702 1294 762 testimo-

170 817 220 876 nia
234 815 350 875 silantia
364 813 525 885 transmisi,
541 813 622 889 quod
634 813 712 871 idam
726 810 793 884 ieoi,
806 811 832 870 si
840 810 1011 871 Harduinus
1021 810 1113 869 e'auis
1126 810 1211 870 libris
1224 811 1295 871 talia

169 924 259 983 modo
273 922 414 994 enotavit,
430 939 505 998 quaa
526 941 564 981 ax
583 921 650 981 aliis
668 939 784 998 quoque
803 919 884 980 libris
904 920 943 979 ab
956 919 1022 979 aliis
1035 925 1104 979 sunt
1116 925 1251 992 enotata,
1264 930 1294 980 at

170 1041 235 1092 tum
249 1032 367 1090 domum
381 1039 433 1089 ant
446 1049 484 1089 ax
496 1031 574 1090 notis
587 1039 640 1090 aut
653 1050 692 1090 ex
705 1030 958 1090 emendationibus
971 1036 1025 1088 aut
1037 1047 1076 1088 ex
1087 1027 1183 1088 indiae
1196 1046 1292 1088 emen
1306 1085 1311 1090 .

170 1140 321 1199 &tionum
340 1146 479 1217 excerpta
496 1139 577 1199 illius
596 1140 727 1199 oodioum
746 1138 877 1210 laudavi,
893 1137 918 1197 si
931 1143 985 1196 aut
996 1153 1118 1214 prorsus
1130 1154 1227 1197 novas
1239 1156 1291 1198 ne·

170 1267 228 1325 qua
249 1248 319 1309 alibi
340 1255 489 1307 exstantes
508 1249 648 1307 lectiones
668 1247 769 1306 attulit
785 1254 838 1306 aut
857 1264 896 1304 ex
914 1246 948 1304 iis
969 1245 1144 1322 seripturam
1163 1246 1291 1323 aliquam

168 1359 200 1416 in
220 1357 382 1415 orationem
401 1354 494 1414 Plinii
506 1356 626 1433 recepit,
642 1373 731 1430 quam
752 1373 809 1431 ego
827 1355 924 1413 denuo
944 1355 1114 1424 eliciendam
1128 1371 1195 1413 asse
1207 1361 1291 1432 puh-

168 1468 248 1524 bam.
270 1464 377 1524 Paucis
391 1471 488 1522 tamen
502 1463 552 1522 his¹
561 1464 592 1522 in
605 1463 679 1522 loeis
692 1462 810 1523 nomina
823 1464 955 1523 eodioum
964 1463 1122 1535 Harduini,
1137 1470 1172 1523 ut
1184 1463 1290 1540 quibus

168 1573 240 1633 nihil
264 1573 326 1632 fere
350 1591 418 1633 esse
442 1573 583 1632 momenti
605 1574 694 1631 modo
718 1573 883 1645 doouen'm,
903 1590 962 1632 non
982 1572 1069 1631 attuli
1088 1572 1161 1630 satis
1181 1573 1289 1631 habena

168 1685 301 1743 redirem·
309 1683 359 1743 vel
383 1683 493 1742 codices
517 1680 666 1759 Harduini
688 1681 820 1757 laudare.
856 1680 894 1739 In
921 1666 1095 1740 universum
1118 1699 1173 1756 par
1199 1687 1290 1769 totptn

168 1810 265 1850 meam
279 1791 436 1849 editionem
456 1789 605 1850 Harduini
623 1808 731 1849 nomen
751 1789 844 1849 multo
864 1789 960 1848 rarius
974 1797 1232 1849 commemoratum
1245 1789 1288 1849 le-

169 1905 265 1958 otores
277 1897 438 1969 inveniant,
453 1915 542 1973 quam
556 1899 608 1972 qui
621 1916 761 1976 magnum
775 1899 853 1958 dooti
865 1897 996 1957 Iesuitaa
1010 1916 1084 1975 opus
1098 1899 1137 1956 ad
1149 1899 1288 1959 lucubra-

169 2006 263 2064 tiones
277 2023 347 2064 suas
361 2005 558 2064 adhibuerunt
570 2008 821 2084 exspectaverint3
836 2013 881 2066 tot
894 2006 957 2066 eius
971 2006 1080 2067 soilioat
1092 2008 1287 2082 ooniaotnraa,

169 2122 214 2172 tot
224 2114 297 2172 adeo
307 2113 524 2173 emendationes
535 2114 572 2173 ab
583 2115 635 2174 illo
643 2113 777 2192 prolatae
787 2117 819 2175 in
829 2116 885 2176 hae
895 2117 1021 2176 editione
1031 2114 1286 2176 desiderabunturl

169 2221 216 2280 At
238 2239 298 2280 non
322 2221 542 2296 desiderantur,
567 2241 674 2283 varum
698 2225 778 2284 veris
804 2225 865 2285 suis
890 2226 1058 2284 auctoribus
1082 2224 1287 2285 restituuntur.

170 2329 258 2403 Quod
272 2331 350 2390 enim
363 2330 476 2389 dudum
482 2330 609 2391 hoobus
617 2330 787 2393 Gronovius
798 2334 1014 2411 inpraeiatioue
1027 2335 1095 2393 libri
1108 2332 1289 2395 Gronoviaui

168 2439 205 2496 de
230 2441 380 2514 sestertiis,
396 2439 554 2500 ¹(irruamus
578 2442 609 2500 in
633 2442 749 2520 epistol.
774 2443 812 2502 ad
837 2438 1290 2521 Clerioumdatad.13.llaii

170 2543 263 2607 1687.
287 2543 333 2628 (v.
353 2549 442 2609 Plinii
460 2558 557 2609 natur.
573 2550 649 2610 hist.
666 2552 712 2610 ed.
726 2551 843 2629 Bipont.
858 2551 896 2611 T.
911 2551 937 2611 Ι.
952 2573 983 2630 p.
997 2549 1123 2635 XLV.),
1139 2549 1286 2629 (lupam,

166 2655 270 2714 lettres
277 2657 314 2716 da
321 2658 452 2730 critique,
463 2677 494 2734 p.
510 2653 593 2730 120,
609 2656 766 2719 Creverius
779 2661 811 2719 in
821 2661 915 2718 tribus
926 2661 1054 2738 epistolis
1066 2658 1106 2720 17
1107 2656 1287 2721 25.-1727.

167 2766 270 2838 editis,
294 2763 520 2841 Oudendorpius
543 2767 582 2825 ad
597 2765 769 2827 Suetonium
788 2790 819 2847 p.
835 2767 876 2843 2.,
890 2770 927 2829 Β.
943 2768 982 2829 G.
998 2768 1136 2830 Struvius
1149 2769 1180 2828 in
1193 2770 1287 2830 iutro-

111 2904 113 2913 ·
165 2875 302 2934 ductione
315 2874 345 2932 in
359 2873 492 2933 notitiam
506 2876 550 2933 rei
562 2876 721 2935 littorariae
734 2897 765 2955 p.
782 2874 854 2938 109.
868 2880 905 2937 de
919 2880 1064 2938 Harduini
1078 2879 1287 2938 consuetudine

165 2985 291 3044 aliorum
311 2984 419 3044 serinia
438 2984 615 3061 compilandi
635 3003 795 3059 eorumque
817 2987 933 3047 labores
952 2989 983 3048 iu
1004 3006 1090 3048 suum
1109 3007 1198 3048 usum
1217 3007 1286 3048 eon·

164 3095 297 3152 vertendi
310 3101 479 3167 narrarunt,
494 3094 525 3152 id
538 3095 586 3153 vel
600 3093 690 3154 latius
704 3102 816 3172 patere,
828 3113 917 3170 quam
928 3098 1006 3157 dooti
1015 3098 1061 3156 illi
1070 3098 1126 3157 viri
1137 3092 1285 3171 dixerunt,

163 3202 316 3278 multiplici
330 3221 387 3260 usu
404 3203 525 3262 edootus
538 3223 685 3264 assevero.
708 3205 752 3265 Ut
765 3211 878 3264 taceam
892 3207 928 3264 de
941 3207 1102 3266 innumeris
1116 3206 1285 3266 adnotatio·

163 3310 261 3380 nibus,
277 3309 384 3383 quibus
397 3310 489 3369 Plinii
502 3311 582 3370 looos
601 3312 777 3386 illustravit,
797 3315 847 3374 val
867 3314 1057 3393 Daleoampio
1075 3315 1125 3374 vel
1140 3313 1285 3375 salmasio

162 3416 213 3475 vel
225 3413 401 3474 Oasaubono
413 3417 462 3476 vel
474 3416 597 3476 Valesio
615 3423 769 3497 surreptis,
784 3423 952 3483 innumeras
963 3426 1148 3484 comesturus
1157 3423 1285 3484 aliorum

162 3525 294 3584 virorum
307 3524 460 3583 doctorum
474 3526 561 3584 tacite
574 3526 630 3586 sibi
643 3529 804 3590 vindicavit
817 3551 910 3608 eaque
923 3534 955 3591 in
968 3553 1000 3592 re
1014 3533 1052 3591 ad
1066 3532 1180 3592 furtum
1195 3552 1283 3593 suum

161 3635 316 3694 uelandum
330 3652 390 3692 non
404 3652 463 3692 uno
477 3634 507 3692 in
520 3632 585 3692 looo
599 3635 666 3694 illos
680 3637 760 3714 ipsos
774 3640 852 3700 viros
867 3643 968 3701 dootos
983 3642 1139 3720 vituperat,
1153 3660 1282 3718 qnorum

160 3745 286 3821 repertis
299 3745 401 3803 utitur.
424 3743 467 3803 Ut
481 3743 517 3801 de
530 3745 631 3805 multis
644 3764 739 3822 pauca
757 3750 845 3807 modo
860 3751 1045 3828 depromam,
1064 3751 1193 3811 Pintiani
1211 3771 1281 3812 oon·

159 3849 285 3910 iecturas
299 3860 450 3926 tamquam
466 3868 536 3911 suas
550 3854 681 3912 venditat
695 3851 725 3927 6,
740 3852 771 3915 4.
788 3855 817 3916 7.
829 3855 884 3918 ·12.
899 3868 929 3919 et
943 3879 1031 3937 saepo
1043 3860 1117 3932 alias
1131 3858 1280 3936 perhuno

158 3958 285 4034 librum,
305 3956 336 4032 8,
358 3954 429 4019 139.
452 3955 523 4020 172.
546 3957 577 4036 9,
598 3957 648 4023 56.
673 3960 744 4025 177.
766 3962 816 4039 10,
838 3962 888 4028 52.
910 3965 961 4028 90.
982 3965 1054 4029 206.
1071 3965 1190 4042 11,22.
1207 3963 1280 4028 181.

154 4061 233 4129 191.
248 4063 321 4159 257.
338 4063 388 4142 15,
403 4063 454 4127 49.
471 4064 522 4143 16,
540 4065 610 4132 115.
628 4068 699 4133 166.
724 4071 774 4149 17,
797 4071 868 4135 147.
887 4072 958 4136 192.
973 4073 1046 4138 256.
1064 4074 1114 4150 18,
1137 4073 1209 4137 147.
1224 4072 1278 4150 20,

160 4171 211 4236 25.
228 4171 300 4237 163.
317 4172 388 4238 187.
403 4173 488 4251 227,
504 4175 642 4241 Sabellioi
664 4177 694 4256 6,
711 4179 794 4256 159,
808 4183 921 4246 Budaai
936 4182 968 4259 8,
984 4182 1035 4248 62.
1051 4183 1135 4258 154,
1151 4183 1278 4265 Cognati
