2714 4710
165 247 228 312 410
517 261 721 310 narussms
743 260 939 311 nrsronmn

164 413 254 492 facit,
276 413 360 478 inter
382 411 462 477 duos
484 412 586 477 amnis
599 412 714 477 itmae.
738 409 985 493 Quodinterest
994 410 1055 489 ibi,
1080 420 1195 478 tenent
1208 411 1287 479 Ara-

164 515 223 582 bes
251 511 341 580 Orei.
379 511 435 578 sie
463 513 559 578 finem
585 534 689 596 usque
715 512 750 576 in
774 512 967 578 Adiabenen
994 511 1134 598 perfert.
1172 513 1228 581 Ab
1254 538 1290 582 ea

165 617 356 684 transversis
376 616 462 704 iugis
483 615 606 680 inclusa
626 613 829 682 latitudinem
846 615 885 685 ,in
905 614 997 680 laeva
1018 615 1139 700 pandit
1161 618 1204 682 ad
1224 616 1289 702 Cy-

164 741 238 784 rum
260 741 386 784 amnem
408 729 590 782 transversa
603 715 747 794 Araxen,
769 714 1005 802 longitudinem
1025 738 1105 782 vero
1127 717 1173 781 ad
1193 719 1289 784 mino·

164 843 233 886 rem
259 841 362 903 usque
390 818 589 895 Armeniam,
618 817 747 882 Absaro
773 838 867 881 amne
896 816 932 880 in
957 815 1102 883 Pontum
1132 817 1289 885 defluente

165 933 198 988 et
210 920 386 1005 Paryadris
400 919 575 998 montibus,
599 919 655 1003 qui
668 918 809 982 fundunt
821 916 996 995 Absarum,
1017 917 1164 984 discreta
1176 921 1217 987 ab
1230 920 1288 987 illa

206 1022 257 1086 10.
282 1017 390 1105 Cyrus
411 1021 513 1085 oritur
533 1020 568 1085 in
580 1018 770 1084 Heniochiis
791 1017 953 1083 montibus
975 1039 1059 1102 quos
1081 1019 1139 1084 alii
1156 1018 1286 1086 Coraxi-
1299 1040 1325 1084 11

164 1143 218 1189 cos
239 1143 406 1199 vocavere,
433 1121 561 1186 Araxes
584 1120 697 1185 eodem
718 1127 826 1184 monte
848 1140 912 1202 quo
932 1116 1134 1204 Euphrates,
1157 1145 1194 1186 rr
1213 1144 1238 1184 rr
1255 1144 1286 1208 p.

161 1223 341 1300 intervallo,
364 1233 542 1306 auctusque
564 1242 657 1286 amne
679 1218 742 1283 Usi
764 1228 797 1284 et
816 1219 898 1304 ipse,
921 1228 958 1284 ut
977 1219 1091 1304 plures
1114 1222 1286 1288 existuma-

163 1345 249 1402 vere,
273 1346 292 1387 a
309 1321 398 1408 Cyro
419 1322 564 1387 defertur
583 1322 618 1386 in
634 1318 790 1414 Caspium
809 1342 906 1385 mare.
929 1318 1065 1406 Oppida
1088 1323 1288 1389 celebrantur

124 1472 133 1487 .
161 1425 197 1490 in
217 1424 339 1489 minore
364 1421 534 1501 Caesarea,
564 1422 647 1500 Aza,
674 1420 849 1507 Nicopolis,
878 1421 912 1485 in
933 1421 1055 1486 maiore
1076 1422 1289 1490 Arsamosata

162 1524 324 1611 Euphrati
345 1547 549 1609 proxumum,
572 1522 664 1609 Tigri
680 1519 951 1599 Caroathiooerta,
973 1522 1008 1587 in
1029 1525 1164 1590 excelso
1186 1535 1286 1591 autem

163 1625 394 1713 Tigranocerta
400 1650 409 1702 ;
432 1635 466 1689 at
486 1625 520 1689 in
542 1625 662 1710 campis
683 1623 775 1688 iuxta
796 1623 929 1689 Araxen
949 1623 1124 1691 Artaxata.
1149 1625 1286 1693 Univer-
1297 1642 1323 1689 11

162 1749 218 1792 sae
239 1725 494 1815 magnitudinem
507 1724 661 1790 Aufidius
676 1724 912 1812 quinquagiens
934 1734 1078 1790 centena'
1092 1749 1119 1791 n
1140 1728 1285 1814 prodidit,

164 1825 322 1893 Claudius
346 1825 467 1892 Caesar
486 1825 721 1911 longitudinem
743 1848 763 1889 a
782 1823 932 1890 Dascusa
959 1827 1003 1890 ad
1024 1827 1205 1893 confinium
1226 1826 1285 1894 Ca·

163 1927 226 2011 spii
247 1928 344 1995 maris
366 1937 415 1992 ter
437 1938 470 1991 et
491 1927 620 1992 deciens
641 1936 777 1991 centena
790 1951 815 1990 n
828 1949 873 2012 p,
895 1926 1101 1993 latitudinem
1123 1929 1287 1995 dimidium

163 2027 232 2093 eius
254 2050 274 2091 a
288 2026 521 2113 Tigranocerta
542 2026 584 2095 ad
597 2025 748 2095 Iberiam.
770 2025 946 2106 Dividitur,
970 2029 1059 2111 quod
1081 2039 1209 2095 certum
1230 2040 1284 2108 est,

162 2128 198 2199 in
223 2128 444 2214 praefecturas
470 2149 551 2211 quas
575 2128 750 2212 στρατηγίας
770 2137 894 2206 vocant,
922 2129 1080 2212 quasdam
1109 2154 1153 2197 ex
1179 2132 1219 2198 iis
1238 2132 1286 2198 vel

163 2227 290 2314 singula
310 2251 411 2316 regna
436 2227 608 2312 quondam,
635 2226 781 2292 barbaris
802 2227 985 2295 nominibus
1006 2250 1084 2295 cxx.
1124 2227 1286 2298 Claudnnt

164 2351 236 2402 cam
257 2339 381 2396 montes
403 2329 443 2395 ab
458 2328 590 2404 oriente,
613 2327 672 2393 sed
692 2349 758 2393 non
777 2329 894 2407 statim,
920 2327 1085 2409 Ceraunii,
1108 2353 1173 2398 neo
1185 2331 1284 2397 Adia·

163 2431 247 2499 bene
261 2432 361 2517 regio.
385 2428 482 2511 Quod
497 2429 630 2494 interest
645 2428 738 2514 spati,
763 2426 906 2515 Sopheni
928 2438 1039 2496 tenent
1044 2454 1054 2506 ;
1079 2431 1121 2497 ab
1136 2431 1187 2498 bis
1199 2430 1283 2521 iuga,
1296 2452 1325 2498 ss

198 2607 287 2666 iturae,
299 2607 324 2654 R
336 2601 428 2665 (Rob.)
446 2601 512 2663 mire,
523 2605 553 2653 P.
572 2601 643 2650 situm
654 2609 743 2663 terrae,
756 2603 807 2653 Τά.
824 2603 897 2653 sitae.
914 2584 1016 2667 Terrae',
1027 2621 1048 2655 r.
1062 2648 1094 2656 ..
1115 2625 1197 2671 quam,
1207 2610 1236 2659 P.
1253 2651 1283 2659 -

164 2675 271 2732 interest,
283 2669 459 2733 RPdfflob.)
477 2671 577 2730 1111111,
590 2669 668 2719 Hard.
681 2683 706 2733 γ.
725 2710 757 2718 ..
779 2669 904 2731 0111111.
918 2678 941 2733 5,
954 2678 994 2722 85.
1017 2672 1128 2735 Sooroei,
1141 2679 1166 2726 d.
1192 2675 1283 2736 Orcebi,

163 2742 192 2790 Ρ.
211 2739 320 2799 Semele,
332 2739 364 2786 R.
386 2735 479 2797 Serrei,
491 2738 586 2800 Rigalt.
599 2752 638 2799 ap.
651 2736 760 2786 Salmas.
773 2752 855 2786 exerc.
867 2753 892 2801 p.
906 2745 962 2789 441.
975 2756 998 2788 a.
1012 2740 1043 2790 G.
1069 2740 1164 2805 Soreoi,
1176 2745 1238 2793 Rob.
1251 2783 1282 2792 .-

163 2806 223 2864 Hic,
234 2807 292 2857 ΒΡ.
313 2847 344 2854 ..
363 2822 440 2869 usque
453 2806 488 2855 ad
498 2803 664 2864 midiabenern,
676 2805 707 2853 P.
725 2845 756 2853 ..
776 2807 886 2868 tpersert,
898 2806 942 2853 R2.
960 2808 1073 2870 eperfret,
1085 2810 1132 2858 R'.
1154 2850 1186 2858 ..
1203 2818 1283 2858 trans·

162 2889 256 2935 versus,
268 2875 298 2923 P.
318 2914 349 2922 ..
374 2873 409 2923 ad
427 2872 522 2938 Cyrum,
538 2873 589 2922 Pd.
611 2871 816 2931 1111111111.-
837 2882 988 2935 transversa,
1004 2876 1115 2925 RTPd.
1140 2886 1284 2927 transuersa

162 2942 194 3002 in,
206 2937 235 3003 β,
260 2950 405 3002 transvecta,
417 2941 496 2991 Hand.
515 2981 546 2988 ..
564 2937 678 2998 Araxen,
695 2940 726 2988 R.
745 2980 777 2988 ..
800 2955 879 3002 usque
895 2940 930 2989 ad
944 2940 1066 3003 minorem,
1077 2944 1108 2992 P.
1127 2984 1161 2992 ..
1180 2942 1285 3004 Absarc,

162 3009 239 3069 vid.§
254 3017 293 3060 12.
310 3010 428 3070 Absarru,
440 3008 521 3061 RTd.
539 3006 649 3069 Absyro,
660 3008 690 3055 P.
712 3046 743 3054 ..
758 3015 860 3070 portum,
872 3008 943 3059 R¹P.
961 3049 993 3058 ,.
1012 3008 1159 3074 Paryadris
1171 3020 1197 3061 ct
1206 3009 1285 3063 Absa-

163 3093 224 3138 rum,
237 3078 286 3127 vid.
299 3093 382 3140 snpra.
401 3117 433 3125 ..
452 3073 562 3134 diseede,
573 3074 605 3122 R.

197 3144 265 3203 §26.
292 3144 387 3200 Quibus
404 3144 490 3203 oritur,
506 3143 586 3191 RPd.
604 3182 636 3190 ..
655 3141 688 3202 in,
705 3156 755 3189 om.
772 3143 805 3191 R.
824 3181 856 3190 ...
873 3141 1000 3204 Η1111111,
1017 3146 1040 3193 d.
1064 3145 1187 3208 1111111111,
1203 3146 1233 3195 P.
1253 3186 1285 3195 ..

165 3207 305 3271 Coraxicos,
315 3213 338 3259 d.
355 3209 497 3269 Coriiaicos,
507 3211 551 3258 R².
567 3206 702 3267 0111111111,
711 3209 757 3257 R'.
773 3207 920 3268 Ceramicos,
929 3211 959 3259 P.
972 3250 1004 3258 ..
1018 3212 1092 3273 quod,
1101 3214 1131 3262 R.
1143 3253 1176 3261 -
1189 3221 1285 3276 septen

162 3278 243 3328 P...
262 3278 501 3339 auctusque,RPd.
524 3284 610 3328 auctus
622 3286 666 3337 est,
678 3278 709 3326 T.
728 3317 760 3324 -
783 3273 836 3337 Ueri,
851 3269 1055 3341 OTPefflob.)
1077 3279 1176 3341 AssR.
1203 3277 1285 3340 Muri,

161 3339 213 3407 βγ.
236 3342 350 3392 Cambari
360 3345 376 3391 i.
391 3359 412 3392 e.
434 3341 557 3406 Cambyse,
577 3345 645 3393 Pint.
657 3345 690 3392 ad
700 3344 761 3392 Mel.
773 3343 822 3393 ΠΙ.
837 3349 859 3403 5,
873 3350 895 3393 6.
909 3385 941 3392 ..
960 3353 998 3403 11,·
1009 3347 1079 3396 hanc
1090 3347 1211 3396 voculam
1222 3361 1285 3410 quo-

161 3412 200 3460 ris
216 3412 323 3474 pignore
340 3412 488 3460 eliciendam
505 3413 635 3472 existimo,
653 3411 713 3473 quia
730 3413 761 3459 de
777 3411 850 3461 nullo
867 3412 918 3460 alio
934 3413 1039 3461 flumine
1056 3423 1158 3476 praeter
1172 3414 1286 3474 Araxen,

162 3482 232 3542 quod
245 3479 325 3542 Cyrus
341 3479 422 3527 amnis
440 3479 467 3527 in
482 3493 551 3527 mare
568 3479 689 3541 Caspium
706 3478 808 3539 deferat,
826 3479 922 3527 diotmn
934 3486 980 3529 est.
1004 3479 1106 3543 Copula
1122 3496 1182 3530 vero
1195 3483 1287 3531 omissa

163 3548 245 3596 oratio
257 3548 286 3595 fit
298 3554 323 3595 et
333 3547 468 3609 perspicua
484 3553 508 3594 et
524 3553 605 3595 acuta.
625 3586 657 3594 ..
676 3564 700 3606 a,
713 3549 736 3595 d.
760 3546 848 3606 da‚R.
872 3546 908 3607 de,
924 3546 997 3597 S'I'P
1015 3544 1109 3610 (Rob.)
1128 3589 1161 3597 ..
1183 3547 1286 3609 Carere,

162 3617 234 3664 codd.
250 3614 362 3663 Barbari.
382 3653 412 3662 ..
435 3612 496 3673 Oza,
513 3614 545 3663 R.
563 3653 594 3661 ..
612 3612 785 3674 Arsamosata,
801 3614 834 3662 K.
860 3612 998 3675 Armasela,
1010 3616 1094 3677 Ryck.
1108 3616 1214 3666 adTac.
1227 3632 1284 3670 ann.

164 3688 203 3743 15,
218 3688 257 3731 10.
269 3695 294 3744 γ.
312 3676 517 3742 1111111111,Ββ
530 3678 670 3740 Arsamota,
683 3683 734 3731 Pd.
746 3722 777 3729 -
794 3679 998 3741 Gareathiocerta,
1010 3683 1060 3730 vid.
1073 3682 1194 3733 Strabon.
1209 3690 1248 3733 ll.
1261 3699 1286 3747 p.

163 3753 220 3799 527.
249 3747 448 3811 Arguetioeerta,
468 3751 499 3798 R.
537 3746 736 3810 Apiatliocerta,
757 3751 781 3797 d.
819 3746 1040 3813 Artipranacerta,
1061 3751 1092 3799 P.
1120 3791 1152 3800 ..
1184 3751 1287 3810 excelso,

162 3810 340 3867 ROSTPdr.
359 3815 470 3876 excelsis,
481 3811 510 3876 β.
529 3856 561 3864 ,,
580 3825 613 3876 at,
627 3831 678 3864 om.
690 3817 720 3865 P.
738 3857 770 3864 -
789 3815 899 3876 Araxen,
912 3819 935 3866 d.

195 3886 263 3946 127.
286 3881 438 3945 Universum,
449 3885 478 3934 P.
498 3925 529 3932 -
548 3882 741 3947 quinquagesies,
757 3887 786 3934 P.
806 3924 838 3932 -
856 3887 887 3933 ab
904 3900 1005 3944 accusa,
1021 3885 1051 3933 P.
1071 3925 1103 3933 ..
1122 3885 1183 3934 eiua
1201 3883 1226 3932 A
1242 3883 1287 3934 Tr·-

160 3961 309 4012 qranoeerta
321 3948 357 3999 ad
368 3951 433 4000 Iber.
447 3949 571 4012 dividitur,
581 3967 601 3999 r.
615 3992 646 3999 ..
658 3950 764 4011 Dividit,
775 3953 806 4001 P.
819 3991 851 4000 ..
865 3968 937 4014 quas,
948 3951 1081 4001 RSTPd.
1102 3968 1165 4015 quas
1179 3951 1205 4012 ii,
1213 3947 1243 4012 β.
1254 3990 1286 4002 ..

161 4017 313 4080 1111911111,
324 4019 355 4067 P.
369 4059 400 4067 -
413 4017 461 4080 liis,
472 4021 504 4068 R.
518 4059 549 4067 -
566 4016 697 4079 Claudum,
709 4013 872 4069 R²OTPdn
891 4017 1009 4079 Dieuunt,
1021 4020 1066 4068 12¹.
1087 4016 1205 4079 Cludunt,
1213 4015 1243 4080 β.
1254 4059 1286 4068 .-

162 4093 249 4132 arentes
261 4086 292 4134 ab
306 4086 404 4149 oriente,
416 4089 468 4138 Rd.
487 4089 518 4137 ab
531 4085 621 4137 oriente
631 4094 728 4146 montes,
740 4082 816 4150 Pssr.
829 4127 861 4134 -
883 4084 1028 4147 Ceraurinii,
1040 4087 1070 4135 P.
1085 4126 1116 4134 ..
1135 4086 1252 4151 reqionis,
1265 4103 1288 4136 r.

195 4151 262 4211 §28.
282 4151 397 4216 Sopheni,
409 4155 512 4204 Barbar.
540 4151 648 4218 Cepheni,
661 4155 740 4203 TPd.
765 4149 861 4216 Cepeni,
873 4154 905 4203 R.
924 4193 956 4202 ..
974 4153 1036 4217 iupa
1053 4151 1189 4215 Ceraunia,
1201 4155 1233 4204 K.
1253 4193 1287 4204 .-

161 4212 315 4280 Adiabenae,
328 4222 351 4269 d.
370 4219 501 4283 Adiabene,
513 4220 544 4270 R.
565 4262 595 4270 -
614 4229 698 4282 tenent,
711 4221 778 4271 delet
789 4222 887 4272 Broter.
907 4262 939 4271 ..
958 4229 1011 4283 aut,
1023 4223 1054 4272 R.
1073 4261 1105 4270 -
1125 4218 1286 4282 Menobardi,
