2714 4710
428 305 499 353 me.
515 306 552 353 11.
582 305 660 351 cnr.
676 304 738 351 vn.
769 305 867 353 secr.
883 309 901 350 a
1161 290 1222 354 107

98 456 231 522 caelesti
258 478 357 541 passu
383 478 456 522 cum
485 456 594 520 liberis
624 457 689 522 suis
717 457 806 522 vadit
832 479 1002 522 maxumus
1028 458 1130 522 omnis
1152 457 1223 523 aevi

96 569 206 623 rector
227 557 449 642 Vespasianus
470 556 643 644 Augustus
671 559 765 623 fessis
794 558 893 622 rebus
920 558 1122 623 subveniens.
1158 557 1224 623 Hic

97 669 149 723 est
168 659 409 724 vetustissimus
430 657 592 723 referendi
613 659 696 724 bene
717 659 914 724 merentibus
931 659 1068 747 gratiam
1082 680 1164 737 mos,
1186 669 1225 724 ut

99 759 171 825 talis
192 758 379 825 numinibus
400 758 592 824 adscribant.
630 757 761 845 Quippe
783 771 821 824 et
836 761 972 829 aliorum
992 760 1122 825 nomina
1145 760 1223 824 deo·
1238 778 1269 822 111

96 881 170 926 rum
199 871 233 925 et
261 881 344 943 quae
373 882 472 946 supra
500 861 595 926 retuli
623 861 763 926 siderum
790 884 832 927 ex
857 861 1022 927 hominum
1046 871 1123 925 nate
1149 871 1224 938 sunt

96 961 230 1026 meritis.
264 960 375 1026 Iovem
394 961 526 1045 quidem
544 971 600 1026 aut
613 961 814 1027 Mercurium
835 963 967 1028 aliterve
988 960 1067 1028 alios
1088 962 1173 1025 inter
1187 983 1223 1027 se

96 1063 208 1128 vocari
229 1072 263 1127 et
284 1084 356 1128 esse
377 1063 549 1128 caelestem
570 1064 859 1141 nomenclaturam,
886 1063 958 1145 quis
978 1085 1043 1128 non
1063 1063 1222 1148 interpre÷

97 1163 219 1228 tatione
246 1173 381 1228 natiuae
408 1163 548 1227 fateatur
573 1163 800 1228 inridendum?
840 1163 952 1251 Agere
980 1185 1089 1229 curam
1114 1185 1222 1229 rerum

95 1263 309 1330 humanarum
329 1263 409 1331 illud
431 1263 590 1349 quidquid
612 1275 661 1329 est
683 1286 853 1344 summum,
876 1287 958 1330 anne
981 1275 1046 1329 tam
1067 1264 1150 1328 tristi
1170 1274 1220 1327 ab

96 1386 162 1449 que
182 1365 353 1451 multiplici
373 1364 549 1431 ministerio
575 1387 640 1430 non
661 1365 761 1451 pollui
784 1367 952 1432 credamus
974 1365 1221 1432 dubitemusne?

95 1464 164 1533 Vix
185 1487 286 1552 prope
308 1477 359 1531 est
379 1466 543 1543 iudicare,
572 1476 682 1531 utrum
708 1467 812 1555 magis
840 1458 1002 1547 conducat
1025 1467 1138 1555 generi
1158 1465 1219 1531 hu·
1234 1485 1267 1529 ao

95 1588 213 1646 mano,
245 1567 373 1649 qnando
395 1568 465 1634 eliis
486 1568 600 1634 nullus
615 1577 666 1632 est
688 1567 822 1633 deomm
842 1579 1030 1654 respectus,
1059 1568 1129 1632 aliis
1156 1588 1219 1651 pu·

96 1667 234 1733 dendus.
271 1667 427 1734 Externis
449 1669 645 1735 famulantur
666 1667 768 1734 sacris
787 1691 826 1734 ac
847 1668 959 1756 digitis
981 1667 1059 1731 deos
1080 1676 1219 1754 gestant,

95 1779 240 1834 monstra
260 1790 390 1854 quoque
412 1770 532 1849 colunt,
555 1770 709 1834 damnant
723 1780 756 1835 et
770 1771 957 1857 excogitant
971 1766 1074 1844 cibos,
1096 1765 1221 1852 inperia

95 1869 168 1936 dira
187 1871 222 1935 in
243 1870 332 1956 ipsos
353 1893 394 1936 ne
416 1893 528 1936 somno
550 1871 680 1954 quidem
702 1872 811 1954 quieto
832 1871 990 1957 inrogant.
1019 1866 1093 1934 Non
1107 1867 1217 1932 matri-
1233 1886 1263 1932 ar

96 2112 236 2187 Bahgssr.
259 2121 434 2180 dubitemusne,
450 2122 480 2171 P.
503 2120 597 2184 Scripsi
612 2121 707 2183 locum,
726 2121 807 2185 qualis
823 2121 850 2170 in
867 2122 940 2171 codd
953 2127 1043 2178 emeat,
1064 2132 1218 2182 quamquem

95 2187 236 2250 particulae
246 2203 310 2238 anne
321 2195 348 2237 et
358 2202 388 2238 ne
399 2186 528 2251 vel(qnod
539 2203 642 2252 prorsus
652 2190 741 2253 nequit
752 2185 867 2248 tolerari)
876 2203 905 2238 es
913 2189 940 2237 in
952 2188 1059 2251 spodosi
1068 2187 1219 2235 coniunctae

95 2269 155 2305 eum
175 2263 321 2319 comptum
341 2270 396 2306 esse
416 2257 546 2319 perspicue
567 2258 666 2306 docent
691 2258 845 2308 Dubitantes
864 2270 924 2306 vero
946 2255 1043 2318 opponi
1061 2255 1219 2303 credentibus

94 2321 182 2385 palam
192 2323 222 2372 flt
233 2337 267 2371 ex
277 2324 358 2373 verbis
370 2325 539 2387 sequentibus,
549 2324 609 2374 aliis
624 2323 705 2374 nudus
718 2364 749 2373 ..
763 2321 824 2373 aliis
842 2319 980 2387 pudendus:
999 2322 1043 2371 nbi
1055 2322 1151 2382 priores
1172 2318 1219 2367 alii

94 2389 240 2451 significant
256 2388 401 2452 duhimntes,
418 2392 571 2454 posteriores
587 2393 701 2441 indicant
721 2377 853 2440 credentes.
879 2391 914 2439 Et
934 2388 1048 2439 Plinium
1069 2387 1171 2450 quidem
1185 2387 1218 2434 ad

94 2457 280 2506 dubitationem
300 2459 381 2522 magis
403 2473 512 2522 pronum
532 2473 587 2508 esse
607 2465 712 2521 apparet
724 2473 757 2506 ex
774 2457 904 2506 simillimo
924 2457 984 2504 loco
997 2453 1012 2515 §
1025 2460 1075 2515 26,
1088 2456 1155 2503 unde
1166 2454 1218 2502 iam

94 2525 241 2584 senissima,
265 2525 315 2574 nisi
335 2525 419 2586 fallor,
440 2526 523 2575 elucet
542 2528 646 2576 verbnm
669 2525 832 2575 dubitemusne
850 2524 1029 2574 collocandum
1047 2536 1101 2571 esse
1113 2535 1181 2584 poue
1193 2536 1217 2570 v.

93 2606 212 2641 summum
223 2600 249 2642 et
259 2592 376 2642 homines
387 2594 414 2642 in
425 2595 488 2643 duas
501 2593 607 2642 omnino
620 2593 713 2642 classes
726 2593 841 2656 discerni,
857 2592 964 2641 alteram
976 2605 1071 2650 eorum,
1084 2591 1128 2652 qni
1144 2589 1217 2638 dubi-

93 2666 152 2709 tant
166 2667 295 2709 summum
309 2674 405 2709 numen
421 2675 508 2710 curam
523 2675 608 2710 rernm
623 2661 794 2710 humanarum
809 2674 884 2722 agere
900 2667 926 2709 et
941 2659 1042 2708 nullum
1059 2659 1165 2706 deorum
1176 2671 1216 2705 re-

93 2734 210 2789 spectum
220 2727 324 2791 habent,
336 2729 441 2777 alteram
453 2742 548 2787 eorum,
560 2729 605 2793 qui
617 2731 722 2778 credunt
733 2728 835 2791 quidem
846 2741 929 2791 agere,
941 2730 985 2777 sed
996 2728 1082 2789 inepte
1099 2726 1217 2784 credunt,

93 2793 155 2856 qnia
177 2794 225 2855 iis,
256 2795 278 2844 si
301 2796 421 2854 credunt,
445 2796 521 2845 simul
545 2797 622 2845 etiam
644 2797 796 2846 credendum
820 2804 858 2845 est
881 2810 1009 2845 summum
1043 2807 1138 2842 numen
1171 2804 1217 2854 per

91 2861 166 2910 illam
182 2876 269 2911 curam
284 2877 338 2911 non
354 2863 437 2925 pollui
452 2871 505 2912 tam
520 2863 586 2913 tristi
603 2871 679 2926 atque
694 2863 830 2926 multiplici
846 2863 986 2911 ministerio
1003 2858 1032 2922 (i.
1052 2875 1073 2908 e.
1096 2859 1216 2908 ministris

92 2928 155 2978 coll
185 2931 218 2979 ad
245 2935 286 2991 36,
321 2926 398 2990 176),
428 2945 582 2994 quamquam
602 2931 648 2990 illo
669 2946 714 2980 eos
731 2930 814 2994 pollui
835 2943 910 2979 nemo
931 2929 1041 2997 negabit
1067 2927 1134 2974 Mira
1156 2939 1216 2973 vero

91 2996 208 3046 maiecdo
223 2997 294 3046 vocis
305 2995 470 3048 dubitemusne
481 2998 542 3047 hinc
553 2999 675 3061 explicari
690 2998 790 3048 ridetur
805 3011 893 3059 posse,
911 2997 981 3057 quod
991 2993 1108 3043 librarius
1121 2992 1216 3041 codicis

91 3064 225 3127 archetypi
234 3072 338 3128 propter
345 3065 573 3115 homoeoteleuton
580 3065 650 3114 vocis
659 3065 786 3129 sequentis
796 3077 861 3112 anne
872 3065 904 3112 sd
916 3062 983 3111 hanc
994 3073 1133 3123 properans
1144 3057 1216 3106 illam

91 3130 180 3180 omisit
196 3138 221 3180 et
232 3139 323 3195 postea
333 3133 441 3196 margini
453 3133 592 3196 adscripsit,
604 3134 672 3181 unde
691 3147 736 3195 per
751 3129 883 3180 librarium
899 3126 1043 3191 apographi
1059 3125 1130 3174 illinc
1146 3133 1216 3174 tran·

91 3198 180 3261 scripti
192 3206 236 3248 aut
246 3213 293 3262 per
308 3215 395 3250 casum
411 3208 456 3249 aut
472 3214 517 3263 per
533 3199 699 3250 subtilitatem
716 3201 843 3261 quandam
858 3195 953 3260 ingenii
968 3193 1026 3243 voci
1038 3190 1166 3243 credamus
1177 3200 1216 3242 est

90 3266 213 3328 subiecta,
225 3274 316 3330 utpote
328 3268 368 3317 cui
380 3268 492 3317 maxime
511 3268 637 3316 rideretur
657 3280 777 3329 congrua.
811 3264 899 3314 Verum
919 3276 993 3330 apere
1009 3277 1094 3311 curam
1107 3302 1138 3320 Τ
1151 3277 1215 3310 sunr-

90 3349 156 3382 mum
167 3347 212 3383 nec
223 3341 274 3383 tom
285 3335 353 3385 tristi
363 3375 394 3384 ..
407 3335 495 3385 minat.
505 3332 586 3398 pollui
595 3333 752 3384 credemusne
764 3348 798 3383 un
814 3332 968 3392 debitarum,
985 3331 1129 3380 Heumann.
1146 3329 1215 3392 apud

91 3399 197 3451 Gesner.
214 3401 277 3451 Alia
287 3403 343 3452 vult
353 3403 408 3453 Ian.
420 3403 448 3451 in
460 3403 540 3452 diurn.
553 3402 632 3464 antiq.
647 3407 720 3452 1849.
733 3418 770 3451 ur.
784 3407 823 3451 58.
836 3415 860 3464 p.
874 3405 932 3450 tbi:

125 3465 142 3528 9
155 3473 196 3518 90.
214 3468 273 3532 Via,
284 3469 421 3535 Pabdgp.
439 3466 480 3520 Ne
493 3468 546 3531 uir,
559 3463 588 3532 θ,
601 3485 666 3532 qnae
678 3471 808 3533 scriptura,
825 3467 962 3519 nisierrori
974 3465 1090 3526 solemni,
1103 3464 1214 3528 syllabas

89 3537 194 3586 easdem
205 3538 292 3601 repeti,
304 3538 416 3599 debetur,
425 3537 532 3588 fortasse
543 3538 580 3587 ita
591 3545 629 3588 est
640 3537 834 3600 interpretanda,
846 3536 947 3587 ntPlin.
960 3535 1087 3598 scripsisse
1100 3533 1213 3582 dieamus

88 3598 166 3653 Nune
175 3611 260 3655 ortum
269 3619 302 3654 ex
310 3601 358 3667 No,
368 3620 433 3669 quae
445 3606 576 3670 particula,
588 3606 609 3655 si
621 3620 652 3655 eo
664 3605 806 3668 significatu
815 3618 890 3667 saepe
902 3604 977 3653 obvio
990 3602 1104 3660 sumitur,
1117 3602 1149 3648 de
1160 3614 1212 3661 quo

88 3670 144 3735 egit
158 3670 243 3721 Hand
254 3672 366 3722 llarsell.
384 3679 409 3724 4.
425 3688 451 3736 p.
468 3679 527 3724 940.
540 3681 565 3723 et
577 3673 697 3736 Wagner.
714 3675 746 3722 ad
757 3673 835 3736 Verg.
851 3671 906 3723 Ecl.
926 3676 966 3732 10,
984 3675 1034 3730 44,
1047 3667 1143 3730 optime
1160 3666 1213 3716 huc

88 3741 206 3802 quadrat.
229 3778 255 3787 ..
277 3749 313 3790 est
322 3756 369 3806 pro
382 3739 437 3792 lieet
448 3756 506 3790 cum
517 3741 640 3791 infinitivo
652 3741 756 3804 iungere
767 3741 853 3791 Plinio
870 3738 1075 3797 usitatissimum
1086 3735 1137 3784 vid.
1151 3736 1174 3795 7,
1189 3740 1211 3783 1.

88 3812 114 3866 8,
132 3808 174 3856 87.
194 3811 249 3856 195.
267 3812 291 3868 9,
306 3813 327 3858 5.
341 3814 381 3858 99.
399 3813 439 3858 97.
457 3813 497 3859 99.
516 3814 555 3869 11,
568 3813 608 3860 97.
628 3815 684 3859 161.
704 3814 744 3869 14,
762 3814 801 3858 68.
822 3813 861 3868 16,
874 3813 914 3856 94.
929 3810 969 3865 17,
984 3810 1023 3855 16.
1041 3808 1080 3853 51.
1096 3807 1135 3863 19,
1154 3805 1211 3852 171.

88 3879 132 3934 90,
145 3879 187 3923 ab.
200 3879 263 3926 909..
272 3880 312 3936 99,
327 3881 365 3926 16.
378 3881 418 3926 90.
429 3880 469 3936 99,
484 3878 523 3926 79.
538 3882 594 3926 119.
606 3881 648 3938 99,
662 3879 702 3926 79.
714 3881 756 3936 90,
770 3878 826 3924 137.
840 3880 880 3934 at,
895 3878 951 3922 199.
977 3871 1156 3922 Dubitemusve
1168 3871 1211 3918 uia

84 3942 206 4006 propensi
220 3939 340 4004 iudicare,
357 3943 451 3993 lumin
467 3943 547 3992 diurn.
560 3944 638 4007 antiq.
653 3948 726 3992 1834.
738 3956 763 4004 p.
777 3947 835 3991 490.
852 3980 873 3988 -
891 3937 1020 4004 pudendis,
1032 3953 1055 3986 σ.
1071 3978 1098 3985 -
1114 3945 1136 3986 et
1147 3953 1210 3985 mon-

87 4017 151 4070 stro,
163 4003 213 4073 pst.
232 4050 255 4058 ..
280 4025 377 4075 quoque,
390 4013 426 4061 d'.
445 4026 535 4075 quoque
548 4025 617 4074 quae,
626 4009 779 4072 Pebd²gr,
797 4010 866 4072 quod
878 4007 936 4057 ferri
947 4015 1040 4071 posset,
1053 4006 1074 4055 si
1085 4005 1211 4068 legeretur

87 4084 201 4127 menstra
213 4092 305 4141 quoque
319 4093 384 4142 quae
396 4076 515 4127 damnant
525 4077 611 4137 colunt,
629 4077 689 4140 quia
700 4083 814 4125 monstra
825 4077 851 4125 in
867 4075 1011 4125 universum
1028 4089 1081 4123 uon
1093 4073 1209 4122 coleban-

88 4153 138 4205 tur,
155 4147 201 4194 sed
213 4145 405 4207 damnabantur,
421 4147 473 4197 hoc
489 4151 575 4195 autem
589 4145 649 4193 loco
660 4143 727 4194 Plin.
739 4158 843 4207 prorsus
858 4144 1010 4194 contrariam
1021 4142 1144 4191 rationem
1161 4141 1209 4190 hu-

86 4212 170 4264 mines
181 4214 254 4278 ecqui
265 4213 418 4278 indignatur.
440 4253 466 4261 -
487 4210 625 4280 eacopitunt
634 4211 726 4276 ybas,
737 4228 757 4261 r.
778 4252 808 4260 -
828 4209 914 4276 quiete,
926 4210 955 4260 P.
975 4251 1006 4258 -
1026 4200 1186 4276 irrequieto.
