2714 4710
587 303 696 348 amun
718 304 740 348 1.
763 320 766 327 ·
1185 287 1223 348 19

101 454 155 520 De
182 453 344 540 lapidibus
372 453 460 547 caelo
484 453 681 518 cadentibus,
719 453 935 541 Anaxagorae
956 453 997 517 de
1018 454 1077 518 his.
1114 456 1223 519 Arcus

103 554 260 622 caelestis.
293 553 417 619 Natura
438 555 620 642 grandinis,
648 555 746 633 nivis,
775 555 923 640 pruinae,
952 554 1103 634 nebulae,
1130 556 1221 621 roris.

100 657 246 723 Nubium
267 656 433 744 imagines.
456 655 675 742 Proprietates
698 657 776 722 caeli
798 657 831 722 in
852 657 941 723 locis.
964 656 1087 721 Natura
1109 667 1221 723 terrae.

101 758 155 824 De
178 759 282 822 forma
303 757 381 822 eius.
419 757 474 820 An
497 758 561 822 sint
587 759 766 844 antipodes.
812 757 984 839 Quomodo
1009 781 1094 841 aqua
1121 768 1225 824 terrae

101 862 229 927 innexa.
253 858 347 940 Quae
368 859 449 923 ratio
470 857 637 923 fluminum
646 867 684 923 4⁰.
708 860 763 924 An
785 861 1000 925 circumdatus
1023 870 1125 924 terrae
1148 881 1223 925 oce·

102 984 193 1028 anus.
232 960 325 1041 Quae
351 960 469 1052 portio
490 970 594 1025 terrae
624 961 796 1026 habitetur.
833 961 977 1026 Mediam
1010 983 1081 1047 esse
1112 962 1224 1025 mundi

104 1074 231 1129 terram
267 1061 322 1127 De
343 1062 531 1144 obliquitate
554 1069 754 1126 zonarum41.
789 1063 842 1128 De
864 1063 1090 1147 inaequalitate
1113 1063 1223 1128 clima-

103 1171 220 1230 tumre
254 1161 323 1228 Ubi
346 1163 483 1248 eclipses
505 1185 569 1239 non
590 1150 804 1249 adpareant43
827 1175 860 1229 et
881 1150 989 1249 quare'.
1028 1162 1120 1244 Quae
1142 1162 1224 1229 ratio

102 1267 236 1332 diurnae
256 1265 338 1332 lucis
359 1265 393 1329 in
413 1264 516 1329 terris.
541 1261 779 1330 Gnomoniarr
801 1266 841 1330 de
863 1267 1014 1343 eademrr
1034 1289 1079 1330 re.
1103 1264 1171 1330 Ubi
1191 1276 1225 1330 et
1264 1318 1270 1334 .

103 1367 232 1452 quando
252 1367 359 1431 nullae
380 1366 521 1431 umbrae.
559 1365 627 1431 Ubi
647 1367 698 1432 bis
720 1374 857 1445 ann0403
895 1368 950 1433 ubi
973 1368 1006 1432 in
1029 1368 1223 1432 contrarium

101 1469 233 1534 umbrae
243 1475 270 1512 4³
298 1468 451 1533 ferantur.
488 1466 556 1533 Ubi
583 1469 762 1556 longissimi
789 1469 878 1547 dies,
912 1469 968 1534 ubi
995 1469 1221 1534 brevissimirr.

101 1570 155 1636 De
180 1570 285 1656 primo
311 1568 486 1660 horologio.
527 1568 698 1649 Quomodo
725 1569 937 1635 observentur
947 1577 975 1613 ⁴⁰
1003 1571 1081 1635 dies.
1114 1569 1237 1634 Diffe-‘

102 1671 206 1736 rentia
231 1671 377 1758 gentium
403 1671 446 1734 ad
471 1671 627 1735 rationem
642 1677 671 1743 5⁰
697 1670 818 1735 mundi.
861 1670 914 1735 De
943 1680 1045 1734 terrae
1072 1670 1221 1734 motibus.

102 1772 155 1837 De
179 1782 282 1837 terrae
304 1772 454 1837 hiatibus.
480 1769 583 1858 Signa
603 1781 710 1835 motus
733 1771 843 1835 futuri.
866 1769 1000 1836 Auxilia
1022 1780 1132 1834 eontra
1152 1793 1222 1835 mo-

104 1884 156 1938 tus
171 1873 307 1939 futuros.
330 1872 485 1939 Portenta
500 1883 656 1937 terrarum
676 1875 776 1937 semel
796 1873 921 1937 tradita.
944 1871 1104 1938 Miraoula
1119 1883 1222 1937 terrae

101 1985 218 2040 motus.
242 1974 370 2056 Quibus
389 1974 469 2041 locis
489 1975 589 2038 maria
606 1974 844 2039 recesserint⁵¹.
867 1973 1047 2040 Insularum
1067 1996 1220 2039 enascen-

103 2077 184 2141 timn
202 2076 295 2140 ratio.
319 2075 412 2157 Quae
421 2082 450 2119 ⁵²
466 2087 499 2139 et
518 2075 633 2159 quibus
655 2075 852 2161 temporibus
868 2086 980 2141 enatae
996 2076 1105 2139 sint⁵³.
1130 2074 1221 2155 Quas

102 2188 204 2242 terras
223 2177 490 2263 interruperint⁵4
509 2177 617 2242 maria.
652 2176 746 2258 Quae
764 2178 888 2246 insulae
909 2177 1085 2244 continenti
1106 2177 1220 2267 adiun-

103 2288 174 2343 ctae
189 2277 264 2343 sint.
289 2275 382 2360 Quae
399 2290 501 2344 terrae
515 2279 550 2342 in
565 2288 667 2343 totmn
681 2279 761 2342 mari
775 2289 984 2364 permutatae.
1009 2277 1102 2358 Quae
1117 2290 1221 2343 terrae

99 2381 189 2465 ipsae
212 2402 247 2445 se
269 2380 494 2446 sorbuerint⁵⁵.
531 2379 639 2446 Urbes
660 2380 792 2444 haustae
814 2381 902 2444 mari.
930 2379 983 2443 De
1006 2380 1219 2463 spiraculum

100 2480 154 2544 De
176 2481 270 2546 terris
300 2505 426 2568 semper
448 2482 667 2547 trementibus.
708 2480 762 2545 De
783 2481 895 2547 insulis
917 2503 1042 2566 semper
1062 2479 1220 2545 fluctuan-

100 2582 234 2649 tibustt.
259 2579 386 2664 Quibus
399 2584 478 2651 locis
492 2606 556 2647 non
570 2583 695 2668 inpluat
703 2589 741 2646 ⁵³.
763 2581 927 2647 Acervata
948 2593 1102 2648 terrarum
1123 2582 1220 2647 mira-

101 2685 184 2751 cula.
219 2684 295 2766 Qua
320 2685 442 2750 ratione
469 2695 577 2749 aestus
603 2684 700 2748 maris
727 2684 883 2749 accedant
904 2695 937 2749 et
957 2684 1118 2749 recedant.
1152 2683 1220 2750 Ubi

99 2797 209 2852 aestus
230 2798 322 2853 extra
343 2787 499 2852 rationem
520 2785 606 2850 idem
627 2785 747 2851 faciant
755 2791 793 2849 ⁵⁰.
816 2785 976 2850 Miraoula
995 2786 1101 2850 maris.
1125 2784 1219 2866 Quae

98 2889 279 2974 potentia.6⁰
299 2891 394 2954 lunae
416 2889 458 2954 ad
479 2899 606 2952 terrena
627 2898 660 2951 et
680 2887 855 2964 marinaffi,
885 2908 967 2970 quae
989 2888 1074 2951 solis.
1109 2886 1219 2968 Quare

98 2991 219 3056 salsum
245 3013 342 3056 mare.
385 2989 453 3055 Ubi
476 2990 667 3054 'altissimum
693 3011 790 3060 mare.
832 2986 996 3051 Mirabilia
1022 2987 1158 3050 fontium
1186 2999 1219 3051 et

96 3090 309 3158 fluminum02.
338 3091 468 3180 Ignium
487 3103 520 3155 et
534 3113 688 3174 aquarum
701 3090 811 3154 iuncta
828 3088 990 3152 miracula.
1020 3086 1073 3153 De
1088 3088 1215 3155 maltha.

96 3192 151 3259 De
171 3194 324 3280 naphtha.
349 3193 442 3275 Quae
463 3194 535 3259 loca
557 3214 683 3276 semper
705 3189 846 3254 ardeant.
869 3188 998 3277 Ignium
1019 3212 1078 3274 per
1099 3212 1133 3254 se
1154 3191 1216 3255 mi-

95 3374 265 3440 pestirornm,
291 3378 323 3427 R.
361 3383 402 3426 35
424 3373 530 3435 cadant,
553 3377 597 3423 ab.
638 3380 679 3423 36.
700 3373 900 3434 observationis,
922 3375 947 3422 b.
979 3371 1020 3420 De
1038 3373 1215 3422 observatione

101 3441 265 3506 T'lasccrom,
281 3461 301 3494 r.
321 3448 362 3494 37.
378 3440 513 3492 Catholica
523 3439 568 3505 ful
567 3411 1008 3504 pnrnmponeRomanacbllooant
1023 3443 1082 3501 RT,
1095 3442 1215 3492 onnttunt

96 3512 141 3561 bd.
150 3511 460 3561 EmendavitHarduinus
469 3510 528 3559 Vid.
536 3517 558 3571 2,
568 3516 648 3558 140..
652 3515 746 3559 145-
754 3516 794 3559 38.
798 3507 906 3572 pluisse,
912 3511 985 3559 de.
998 3514 1039 3559 39.
1050 3509 1136 3558 coctis.
1146 3510 1214 3577 Huic

95 3592 154 3628 voer
146 3579 263 3629 addunt
272 3582 398 3642 framenta
410 3579 513 3637 Rde
525 3586 553 3627 ut
543 3576 639 3627 faule
651 3579 682 3626 de
698 3578 790 3626 lacuna
800 3578 913 3638 Phnu2
928 3581 984 3627 147.
998 3577 1110 3639 cogitare
1121 3591 1212 3637 possrs

96 3651 137 3696 40.
154 3642 227 3702 Quae
239 3646 308 3696 ratio
311 3647 455 3710 flammam
467 3646 548 3696 RTd.
561 3645 698 3696 Omittitb.
717 3652 757 3694 41.
771 3643 904 3706 undarum,
916 3647 959 3694 ab.
979 3650 1020 3693 42.
1034 3632 1154 3703 liminum,
1167 3646 1211 3694 ab

96 3719 137 3763 40.
150 3710 262 3778 eclypsis
274 3729 323 3762 non
336 3721 474 3777 appareat,
488 3714 519 3762 T.
538 3710 657 3775 eclipsis,
669 3714 720 3762 Ra.
744 3719 784 3763 44.
800 3682 963 3773 Gnomoirica,
976 3713 1057 3763 RTd.
1079 3679 1211 3773 Gannico,
1272 3757 1273 3760 ,

95 3781 120 3830 b.
133 3817 139 3830 .
153 3818 160 3830 .
173 3780 298 3842 monica,
310 3798 333 3831 a.
359 3787 399 3831 45.
413 3796 451 3842 ea,
460 3782 485 3830 h.
514 3786 554 3830 46.
568 3779 595 3828 in
608 3795 682 3842 anno,
695 3782 726 3830 T.
745 3785 785 3831 47.
799 3780 843 3828 nbi
855 3821 886 3828 -
901 3781 1010 3839 umbrae,
1028 3781 1044 3828 b
1057 3780 1088 3828 ab
1101 3781 1144 3828 alt.
1157 3795 1210 3829 ma-

95 3863 139 3898 nu.
157 3847 261 3897 umbrae
263 3850 398 3913 ferantur,
410 3851 434 3899 u
446 3849 477 3899 ab
489 3848 533 3897 alt.
545 3862 630 3896 manu.
649 3854 690 3898 48.
707 3846 793 3910 Ubi..
801 3846 953 3908 brevissimi,
967 3848 1061 3897 omittit
1072 3849 1103 3897 n.
1117 3850 1157 3897 49.
1169 3847 1210 3894 ob-

95 3924 243 3977 servantur,
258 3931 278 3966 r.
293 3922 333 3967 50.
346 3924 371 3965 et
386 3917 461 3977 ratio,
473 3931 492 3963 r.
523 3920 563 3964 51.
577 3914 736 3975 recesserint,
745 3917 777 3965 R.
795 3923 960 3976 recesserunt,
973 3916 1019 3964 Tr.
1034 3914 1153 3976 recesser,
1164 3917 1209 3964 bd.

97 3988 137 4033 52.
154 3992 179 4032 et
196 3999 270 4046 qaae,
282 3985 313 4034 T.
338 3990 378 4034 53.
391 3991 459 4044 sunt,
471 3984 501 4032 T.
526 3987 565 4031 54.
583 3980 773 4044 interruperint,
785 3984 809 4031 b.
823 3981 1079 4044 interseparent,Td.
1102 3985 1209 4034 Inbla·

95 4065 168 4100 cuna.
206 4056 247 4101 55.
265 4065 292 4098 se
305 4051 456 4111 sorbuerint,
467 4051 566 4100 Broter.
593 4047 780 4109 seminaverint,
796 4050 843 4098 bd.
862 4050 1050 4112 ....nerint,R.
1080 4052 1210 4102 InThoe

94 4117 189 4168 lemma
201 4119 303 4168 excidit.
340 4125 379 4168 56.
397 4117 539 4183 spiraculis,
552 4119 583 4167 T.
603 4115 718 4181 piaculis,
729 4116 803 4166 Rbd.
841 4120 879 4166 57.
897 4115 938 4164 De
954 4117 1044 4168 insulis
1056 4133 1151 4183 semper
1153 4120 1209 4182 fln-

91 4185 246 4247 ctnantt'bas,
264 4186 337 4236 Bab.
357 4186 485 4237 Omittunt
501 4185 553 4234 Τὰ.
585 4190 623 4235 50.
641 4183 747 4250 impluat,
764 4185 837 4234 Rad.
852 4184 931 4249 pluat,
948 4186 1000 4234 Tb.
1029 4191 1067 4235 50.
1076 4187 1169 4248 faciat,
1184 4188 1207 4234 b.

94 4257 135 4303 60.
155 4261 272 4318 potestas,
291 4270 310 4302 r.
347 4259 387 4304 61.
400 4254 506 4313 marina,
520 4253 571 4302 ab.
598 4252 686 4312 maria,
707 4253 759 4301 Td.
797 4258 835 4301 62.
845 4252 977 4316 fluminum
998 4254 1145 4351 casontinm,
1159 4255 1190 4301 T.
