2714 4710
574 294 683 341 arana
705 294 727 340 1.
1169 278 1211 341 33

90 447 209 512 aianae.
246 435 445 510 Numidicae.
482 445 737 533 Phoenicopteri.
773 445 965 531 Attagenae.
1002 444 1210 511 Phalacrooo·

89 571 190 613 races.
219 546 462 631 Pyrroooraoes.
492 545 729 634 Lagopodes³².
759 545 812 613 De
834 547 924 612 novis
947 546 1070 612 avibus.
1096 546 1210 632 Vipio-

89 650 193 714 nes⁸³.
215 647 269 713 De
292 647 445 712 fabulosis
460 647 582 711 avibus.
608 646 724 728 Quis³⁴
739 648 874 734 gallinae
889 647 1004 712 farcire
1018 648 1211 724 instituerit3

90 751 147 834 qui
168 750 264 836 primi
274 752 299 790 ³⁶
320 770 468 813 censores
489 749 650 812 vetuerint
658 751 692 812 ³⁶.
732 747 814 831 Quis
836 749 958 835 primus
980 749 1099 813 aviaria
1120 748 1212 813 insti·

91 850 198 917 tuerit.
235 847 289 915 Dc
310 850 434 936 Aesopi
462 851 580 937 patina.
626 847 799 916 Generatio
828 850 952 927 avium3
976 872 1059 933 quae
1085 860 1213 935 praeter

90 952 159 1018 avis
188 975 250 1018 ova
277 953 422 1040 gignant.
468 950 613 1016 Ovorum
639 974 759 1039 genera
788 963 820 1016 et
847 962 979 1015 naturae
989 954 1023 1014 ³⁷.
1069 949 1158 1015 Vitia
1180 960 1213 1015 et

90 1052 234 1118 remedia
254 1053 483 1119 incubantium.
520 1053 690 1139 Augustae
713 1077 754 1118 ex
775 1053 843 1117 ovis
872 1052 1052 1138 augurium.
1091 1048 1212 1131 Quales

90 1153 229 1239 gallinae
251 1164 410 1241 optumae.
447 1153 555 1220 Morbi
583 1177 693 1219 earum
719 1165 752 1219 et
778 1153 919 1219 remedia
927 1156 961 1217 ³⁸.
998 1153 1213 1218 Ardeolarum

90 1257 255 1342 genera⁸⁹.
308 1253 402 1336 Quae
431 1255 495 1319 sint
522 1278 582 1321 ova
590 1257 616 1295 ⁴⁰
649 1258 852 1339 cynosurass,
887 1276 971 1338 quae
1002 1253 1211 1340 hypenemia3

92 1357 252 1440 quomodo
273 1367 403 1442 optume
425 1367 593 1422 serventur
614 1378 676 1420 ova
684 1360 717 1420 ⁴².
754 1355 847 1437 Quae
869 1357 1036 1421 volucrum
1056 1354 1123 1420 sola
1143 1354 1212 1418 ani-

92 1457 188 1524 malia
208 1458 313 1544 pariat
334 1470 366 1523 et
386 1459 469 1523 lacte
490 1458 619 1522 nutriat.
659 1454 753 1538 Quae
776 1458 974 1522 terrestrium
995 1479 1056 1521 ova
1075 1456 1211 1541 pariant.

92 1555 301 1644 Serpentium
314 1559 478 1644 generatio
486 1562 521 1623 4³.
545 1558 759 1623 Terrestrium
773 1559 913 1622 omnium
928 1557 1101 1644 generatio.
1119 1554 1213 1638 Quae

92 1659 135 1723 sit
154 1659 339 1724 animalium
359 1660 393 1722 in
414 1660 514 1724 uteris
540 1660 654 1745 positio
663 1661 698 1722 ⁴4.
738 1657 884 1740 Quorum
912 1658 1096 1722 animalium
1123 1658 1213 1743 origo

93 1759 198 1824 adhuc
219 1760 341 1824 incerta
364 1762 415 1826 sit.
449 1760 501 1826 De
524 1759 742 1826 salamandris.
782 1757 875 1840 Quae
896 1768 1067 1823 nascantur
1089 1780 1129 1822 ex
1150 1779 1215 1822 non

92 1860 221 1949 genitis.
247 1859 340 1942 Quae
354 1872 429 1926 nata
443 1861 522 1926 nihil
535 1861 680 1948 gignant.
706 1860 747 1923 In
768 1860 885 1945 quibus
907 1870 1021 1925 neuter
1043 1881 1139 1924 sexus
1161 1858 1212 1924 sit.

93 1959 147 2026 De
168 1961 326 2027 sensibus
344 1963 542 2040 animalium,
575 1971 695 2027 tactum
704 1963 729 2002 4⁵
758 1960 904 2026 omnibus
934 1982 1015 2040 esse,
1044 1962 1123 2026 item
1150 1984 1213 2048 gu-

93 2065 267 2141 statum⁴⁶3
297 2064 414 2148 quibus
437 2065 524 2130 visus
545 2065 735 2150 praecipuus
744 2067 784 2142 ⁴⁷,
812 2063 928 2148 quibus
949 2063 1110 2141 odoratus,
1140 2062 1212 2146 qui-

94 2163 156 2228 bus
184 2164 323 2229 auditus.
362 2164 417 2231 De
446 2166 540 2252 talpis
548 2167 583 2230 4⁸.
625 2164 681 2229 An
709 2165 823 2230 ostreis
855 2165 984 2229 auditus
992 2167 1027 2229 4⁹.
1073 2163 1140 2244 Qui
1172 2182 1214 2228 ex

92 2263 237 2351 piscibus
269 2266 442 2333 clarissime
481 2266 612 2332 audiant
621 2269 655 2330 ⁶⁰.
710 2265 778 2346 Qui
813 2287 853 2330 ex
890 2266 1031 2352 piscibus
1063 2287 1213 2329 maxume

93 2367 310 2433 odorenturffl.
360 2367 540 2434 Diversitas
572 2367 756 2432 animalium
787 2367 821 2429 in
852 2375 963 2452 pastu3
1002 2387 1085 2449 quae
1114 2386 1212 2430 vene·

92 2467 144 2531 nis
169 2467 323 2546 vivantw,
351 2491 433 2554 quae
455 2479 557 2545 terra3
586 2490 669 2552 quae
693 2468 779 2532 fame
798 2477 855 2532 aut
879 2467 931 2530 siti
952 2489 1015 2531 non
1042 2467 1210 2531 intereant.

92 2566 148 2636 De
176 2569 362 2635 diversitate
390 2581 496 2656 potus.
536 2567 629 2650 Quae
657 2569 797 2633 interae
820 2567 1012 2646 dissideant3
1043 2567 1214 2634 amicitiam

93 2669 279 2737 animalium
306 2693 376 2736 esse
405 2681 438 2736 et
464 2670 611 2735 adfectus
640 2669 832 2735 animalium.
876 2669 1035 2757 Exempla
1067 2670 1214 2736 adfectus

95 2771 302 2858 serpentium.
329 2771 382 2838 De
404 2794 513 2837 somno
535 2770 726 2837 animalium.
758 2767 851 2851 Quae
867 2772 1033 2837 somnient.
1064 2768 1212 2836 Summa:

94 2894 148 2937 res
170 2882 204 2937 et
224 2873 375 2938 historiae
397 2882 429 2937 et
449 2872 684 2938 observationes
705 2875 927 2936 nccxomrffi.

139 2971 197 3036 Ex
221 2972 479 3037 AUCTORJBUS:
513 2972 696 3050 Marmor,
727 2969 876 3036 Cornelio
904 2971 1094 3049 Valeriano,
1124 2973 1214 3048 actis,

99 3071 299 3139 Umbricio⁵³
329 3072 480 3152 Meliore,
514 3072 676 3137 Massurio
709 3069 844 3148 Sabino,
875 3070 1018 3136 Antistio
1052 3070 1214 3149 Labeone,

96 3173 217 3261 Trogo,
241 3172 416 3253 Cremutio,
437 3173 485 3238 M.
502 3173 657 3251 Varrone,
679 3171 791 3235 Macro
805 3168 955 3250 Aemilio,
971 3171 1115 3263 Melisso,
1137 3170 1215 3236 Mu·

95 3347 149 3398 Ra.
185 3353 226 3397 34.
248 3344 317 3407 Qua,
329 3347 482 3396 Harduinus.
504 3345 558 3407 Qui,
575 3347 676 3396 RTad.
712 3350 751 3394 35.
769 3345 814 3407 qui
820 3344 901 3408 primi,
912 3348 964 3396 Ra.
983 3346 1072 3410 quique
1084 3347 1126 3397 loc
1134 3343 1216 3410 primi,

97 3414 150 3464 Ta.
181 3420 222 3464 36.
238 3414 358 3475 vacarint,
370 3415 406 3463 ita
417 3412 465 3463 nos
477 3415 630 3477 scripsimus.
648 3421 773 3474 vacarat,
785 3414 886 3464 RTad.
921 3415 962 3463 at.
979 3421 1122 3474 ornaturae,
1135 3415 1216 3464 RTd.

96 3480 136 3531 rai
144 3489 261 3542 maturae,
271 3483 294 3530 d.
317 3487 358 3530 38.
369 3481 609 3541 Morbi-remedia,
621 3483 671 3531 Ra.
685 3480 813 3531 Omittunt
823 3481 875 3530 Td.
898 3485 938 3530 39.
950 3479 1109 3530 Ardiolaram
1119 3498 1216 3546 penora,
1296 3539 1298 3542 .

97 3563 121 3598 a
132 3548 206 3598 Pone
218 3549 300 3614 hypata
313 3549 443 3598 collocant
454 3550 534 3600 RTd.
553 3555 593 3598 40.
607 3546 674 3605 Quae
686 3549 733 3597 aiat
744 3565 798 3608 ova,
810 3548 862 3597 ΒΤ
870 3549 893 3595 d.
910 3545 985 3608 Quae,
998 3564 1020 3596 a.
1040 3553 1080 3597 41.
1090 3564 1216 3613 cynosura,

96 3614 176 3665 Haud.
190 3615 328 3679 quinorum,
341 3632 363 3665 a.
383 3615 456 3664 amna
469 3633 529 3679 qaae
542 3615 680 3679 quinorum,
692 3617 723 3665 R.
736 3614 809 3675 arba,
821 3615 852 3664 T.
870 3615 949 3674 arina,
962 3617 986 3664 d.
1009 3620 1050 3663 42.
1063 3631 1117 3674 ova,
1130 3629 1180 3662 om.
1194 3630 1216 3662 a.

97 3688 140 3732 43.
160 3683 289 3748 generatio,
307 3685 357 3733 Ra.
374 3700 470 3749 penora,
487 3685 539 3733 Td.
578 3689 619 3732 44.
637 3683 669 3732 sit
684 3691 709 3731 et
721 3681 819 3746 positio,
837 3697 859 3730 a.
881 3683 929 3730 aiat
944 3689 969 3730 et
982 3690 1101 3744 porrecta,
1115 3681 1166 3730 Td.
1187 3681 1219 3730 sit

97 3757 124 3800 ct
136 3750 231 3815 potita,
247 3752 301 3801 Ra
317 3765 395 3799 manu
410 3754 527 3800 secunda.
563 3756 603 3800 45.
626 3759 719 3810 tactam,
735 3751 834 3799 Brotcr.
857 3758 945 3809 tactus,
961 3750 1013 3798 Ra.
1041 3748 1124 3811 quihus
1140 3755 1218 3797 taetra

95 3816 251 3882 praecipuas,
267 3819 319 3868 Td.
356 3823 396 3866 46.
415 3818 467 3866 bem
483 3826 610 3883 gustatam,
626 3819 657 3867 R.
682 3817 734 3866 beta
750 3824 866 3880 pactatus,
885 3831 907 3864 a.
931 3815 1216 3880 quibaayustatua,'1¹d.

98 3887 140 3934 47.
156 3886 311 3948 praectpuus,
328 3886 379 3936 aa
402 3884 530 3934 Omittunt
546 3887 599 3935 Td.
636 3890 676 3934 48.
696 3883 781 3947 qartus
799 3880 903 3931 auditas.
921 3883 962 3932 Dc
974 3881 1054 3947 talpis,
1066 3885 1118 3933 Ra
1131 3883 1161 3932 de
1172 3879 1218 3931 tal-

93 3967 186 4016 parum
198 3951 293 4013 audita
306 3952 357 4000 Td.
398 3957 438 4000 49.
457 3950 588 4012 Amastris,
600 3967 622 3999 a.
641 3948 806 4009 amastriall.
847 3953 886 3996 50.
909 3947 1000 4006 Qui...
1013 3951 1121 4010 audiant,
1137 3950 1217 3999 RTd.

97 4017 202 4068 Omittit
217 4034 241 4067 a.
282 4024 321 4067 51.
344 4016 392 4075 Qui
408 4059 438 4066 ..
456 4018 589 4078 odorentur,
605 4018 677 4067 Rad.
697 4014 798 4065 Omittit
814 4015 844 4064 T.
886 4021 926 4064 52.
949 4017 1042 4067 venenis
1058 4017 1146 4077 vivant,
1163 4018 1217 4067 Td.

97 4101 190 4135 amana
201 4081 230 4146 (a
242 4100 306 4134 corr.
319 4081 413 4146 venant)
429 4093 551 4149 superant,
564 4100 587 4134 a
599 4082 694 4132 varanis
705 4091 808 4144 servant,
821 4083 852 4132 R.
876 4086 915 4132 ta.
932 4083 1071 4133 Numerum
1089 4083 1183 4133 omittit
1195 4086 1218 4132 (h

99 4157 139 4202 54.
166 4151 285 4214 Mandro,
303 4154 383 4203 Rus.
414 4150 534 4212 Mamerto,
551 4167 573 4200 a.
618 4155 657 4199 55.
680 4149 798 4212 Umbrica,
819 4151 871 4200 Ra
996 4213 1016 4274 3

133 4218 209 4268 Peru.
228 4219 249 4268 1.
