2714 4710
554 309 743 352 pannulum.
1091 310 1210 353 xxxvu

86 463 143 521 dus
157 463 201 518 de
219 460 351 520 Muralto
370 461 402 520 in
420 459 519 520 libello
538 462 691 538 inscripto:
714 462 852 537 Bcitrdqe
873 480 927 520 aar
945 461 1020 520 alten
1048 460 1210 532 Litcrotur,

85 570 240 646 Petropoli
261 565 354 642 1844,
375 570 454 628 unde
472 570 531 628 iam
552 571 659 628 certius
682 570 717 628 de
737 569 789 628 illo
809 568 887 628 libro
903 569 1032 627 iudicare
1044 586 1210 644 possumus.

85 677 217 736 Multum
242 678 353 736 scilicet
377 678 526 755 conspirat
550 697 617 736 oum
643 678 816 736 Monacensi
840 674 879 750 P,
903 675 1065 736 Parisiensi
1083 677 1115 749 h,
1141 696 1209 736 cum

85 787 277 859 Academico,
292 784 512 863 Andagavensi,
527 783 677 858 Gudiano,
691 783 885 863 Menapiano,
906 792 936 844 et
958 803 1025 845 cum
1046 785 1149 845 multis
1165 786 1213 844 in·

86 894 332 972 terpolationibus
346 896 385 953 sit
397 895 576 971 inquinatus,
592 912 739 968 nusquam
752 895 783 952 in
796 913 832 953 00
846 894 910 953 0010
925 911 1027 953 voram
1041 893 1131 953 Plinii
1149 913 1213 953 ma·

86 1023 158 1064 num
178 1010 328 1063 servatam
347 1023 394 1062 me
413 1002 630 1080 deprehendere
649 1004 777 1061 memini.
806 1001 943 1062 Ceterum
961 1004 1016 1062 has
1037 1005 1125 1061 modo
1147 1004 1212 1095 eius

87 1113 185 1172 varias
203 1114 378 1172 lectionesa
397 1130 581 1188 quocumque
607 1112 725 1173 demum
750 1111 871 1170 illorum
899 1111 1032 1171 virorum
1060 1113 1215 1172 doctorum

87 1223 240 1281 nobiscum
254 1222 481 1280 communicatas
494 1221 524 1279 in
538 1222 615 1279 hanc
627 1238 723 1279 meam
737 1221 895 1279 editionem
909 1220 1062 1292 transtuli,
1085 1239 1161 1295 quae
1181 1231 1216 1278 ut

87 1329 317 1390 transferrentur
339 1331 443 1405 dignae
469 1330 659 1403 videbantur,
686 1330 805 1387 nomina
823 1330 955 1404 virorum
974 1329 1141 1400 doctorum,
1169 1329 1216 1388 cui

88 1412 213 1514 singulis
231 1439 263 1496 in
281 1438 354 1498 locis
371 1438 475 1498 notitia
488 1437 646 1497 lectionum
660 1439 827 1510 deberetur,
842 1439 950 1497 addere
965 1455 1216 1514 supervacaneum

91 1567 221 1608 censens.
772 1554 774 1559 ’
830 1590 833 1597 .

130 1657 308 1717 Accedimus
326 1658 365 1715 ad
386 1655 539 1733 Ocorqium
559 1659 691 1731 Zoeqarra
712 1657 763 1731 qui
783 1658 815 1713 in
827 1673 919 1731 opero
932 1652 1166 1712 luculentissimo
1179 1656 1216 1711 de

91 1765 226 1825 obeliscis
237 1765 312 1823 duos
322 1765 403 1823 locos
413 1763 511 1837 Plinii,
525 1761 555 1837 6,
568 1761 641 1823 174.
653 1760 705 1835 36,
719 1758 867 1834 63-74.,
880 1761 1041 1820 secundm
1056 1761 1217 1836 permultos

91 1875 181 1933 libros
195 1892 286 1932 manu
300 1874 425 1950 scriptos
441 1874 597 1930 emendare
611 1872 749 1948 suscepit.
775 1872 837 1929 Eos
851 1877 949 1929 tamen
964 1889 1064 1929 omnes
1077 1871 1134 1929 hoc
1151 1870 1217 1930 loco

43 1969 46 1976 ¹
94 2000 267 2043 enumerare
285 2001 344 2040 non
365 1989 409 2040 est
426 1981 637 2051 necessarium,
660 1999 726 2039 cum
745 1981 782 2038 de
799 1981 911 2037 maiore
932 1996 1034 2038 eorum
1052 1986 1135 2056 parte
1156 1981 1216 2039 iam

94 2111 183 2170 supra
204 2090 292 2150 variis
310 2091 342 2147 in
362 2091 432 2148 locis
456 2090 594 2164 loquendi
613 2090 728 2147 occasio
748 2089 831 2147 nobis
851 2096 942 2158 essct3
969 2089 1216 2147 commemorandi

95 2210 163 2260 sunt
174 2202 208 2273 ii,
223 2218 349 2276 quorum
362 2199 491 2257 nondum
505 2199 683 2256 mentionem
697 2196 763 2269 1001,
788 2204 818 2253 01
831 2197 852 2254 ii
866 2196 983 2271 quidem
998 2215 1100 2255 omnes
1114 2215 1217 2256 recen·

95 2311 182 2369 tiores
197 2317 228 2368 01
241 2309 302 2366 fere
316 2307 426 2365 nullius
441 2307 538 2383 pretii:
560 2305 694 2365 Archioii
708 2305 877 2381 capitularis
892 2305 1030 2362 basilicae
1044 2304 1216 2378 Vaticanae,

95 2420 261 2477 Britannici
270 2425 330 2475 tres
342 2410 536 2497 (Harleianus
548 2410 643 2472 2676.
655 2410 738 2471 2677
741 2454 761 2484 .,
778 2411 971 2470 bibliothecae
984 2413 1083 2488 regiae
1092 2413 1166 2472 XV.
1182 2412 1217 2472 0.

97 2520 232 2608 xm),
250 2527 501 2601 Oantabriqienois,
521 2525 689 2599 0119101100,
704 2523 906 2582 Ottobonianus
916 2521 1035 2598 reginae
1045 2519 1218 2597 christinae,

96 2638 262 2707 Palatinus,
290 2635 423 2694 Urbinas.

137 2743 338 2804 Paucissimos
352 2745 391 2802 ad
405 2744 486 2801 locos
500 2742 568 2800 libri
578 2740 619 2800 11.
631 2735 801 2801 Ludovious
814 2741 935 2802 Marcus
950 2744 981 2801 in
995 2743 1120 2803 editione
1134 2743 1218 2802 Pari·

97 2854 184 2913 siensi
203 2855 272 2912 anni
293 2849 387 2912 1829.
408 2851 539 2910 adhibuit
552 2851 682 2910 codicem
695 2852 919 2911 Riobeletianum
941 2852 1090 2911 adomino
1105 2853 1216 2910 dictum

34 2987 42 2992 ·
96 2964 166 3022 etin
177 2960 278 3022 Gallia
289 2967 449 3033 servatum,
470 2961 706 3021 Vindohooensem
721 2957 926 3018 CCXXXIV.
935 2953 1001 3039 (m)
1016 2961 1167 3036 Hauptius
1181 2961 1219 3018 ad

94 3067 148 3144 32,
165 3065 302 3130 11-13.
318 3065 390 3129 152.
407 3064 492 3141 153,
507 3086 594 3143 quem
609 3069 676 3126 vide
690 3069 728 3125 ad
744 3054 842 3126 Ovidii
859 3066 1025 3125 Halieutica
1037 3087 1068 3145 p.
1085 3062 1136 3126 11.
1157 3068 1220 3126 001-

93 3178 158 3237 1010
171 3179 349 3237 Endliohero
368 3179 399 3236 in
418 3177 552 3251 catalogo
565 3174 756 3234 bibliothecae
770 3174 1006 3234 Vindoboneusis
1025 3197 1055 3252 p.
1073 3172 1156 3249 132.,
1173 3179 1221 3234 oui

93 3289 160 3347 viro
180 3289 377 3347 eruditissimo
391 3292 557 3365 fracmenta
577 3286 779 3360 antiquissima
798 3285 942 3343 naturalis
963 3285 1101 3348 historiae
1122 3278 1175 3366 (π)
1190 3286 1220 3343 in

93 3397 231 3474 catalogo
252 3396 303 3454 1110
324 3416 355 3474 p.
376 3390 448 3456 125.
471 3412 536 3470 sqq.
555 3393 683 3470 primum
702 3393 780 3451 edita
794 3393 942 3453 debemus.
964 3395 1001 3454 In
1014 3395 1129 3454 laciniis
1144 3413 1219 3453 non·

92 3505 184 3564 nullis
198 3506 439 3576 membranaceis,
454 3524 473 3562 a
486 3503 654 3580 bibliopega
667 3504 706 3561 ad
720 3503 828 3560 librum
842 3503 953 3562 Hilarii
965 3503 1162 3564 Pictaviensis
1183 3506 1220 3562 de

95 3614 224 3674 mnium
244 3613 488 3691 compingendum
506 3613 658 3685 adhibitis,
677 3611 872 3671 Endlioherns
886 3614 999 3688 aliquot
1012 3615 1092 3673 locos
1105 3613 1218 3670 Plinia-

95 3738 150 3782 nos
164 3721 284 3783 saeculo
297 3721 355 3781 VI.
371 3729 507 3780 exaratos
522 3722 632 3782 detexit
645 3728 675 3780 et
694 3741 713 3780 a
731 3722 880 3780 Friderico
899 3722 1041 3793 Reussio,
1061 3720 1219 3779 medicinae

99 3831 214 3890 doctore
233 3831 473 3908 Herbipolitano,
488 3831 651 3908 descriptos
676 3832 728 3890 illo
746 3832 775 3889 in
792 3832 868 3889 libro
886 3831 998 3909 primus
1017 3829 1128 3907 publici
1145 3830 1218 3888 iuris

100 3937 173 4000 iecit.
197 3938 354 4000 Continent
366 3943 440 4000 hacc
453 3939 620 4015 fragmenta
632 3934 685 4011 33,
702 3933 879 3998 142-154.
897 3934 969 3999 157.
986 3934 1058 3998 160.
1075 3933 1147 3998 163.
1163 3934 1215 4011 34,

103 4041 128 4106 3.
149 4043 178 4109 6.
201 4045 232 4109 8.
257 4045 307 4109 11.
328 4044 463 4109 13-22.
483 4043 535 4108 33.
557 4043 608 4106 34.
631 4043 682 4106 36.
698 4042 750 4106 37.
765 4042 816 4106 39.
832 4042 884 4104 41.
899 4044 951 4106 42.
968 4043 1039 4106 109.
1057 4042 1127 4107 110.
1145 4043 1216 4106 112.

105 4150 172 4217 113.
196 4152 373 4220 115-118.
395 4167 434 4232 01,
449 4158 492 4216 uti
505 4159 565 4216 iam
579 4157 686 4215 Ianus
701 4156 731 4216 in
745 4157 855 4216 nuntiis
869 4155 1017 4217 litterariis
1031 4155 1216 4217 Monacensi-
