2714 4710
427 317 497 366 nra.
515 318 562 365 vr.
593 317 671 366 aar.
687 320 763 367 xm.
795 318 892 368 sacr.
909 322 939 364 15.
1177 301 1240 368 415

115 483 149 537 ct
172 471 383 537 Sauromatae
404 471 513 536 multis
534 471 732 549 nominibus,
760 471 848 537 illinc
869 471 1002 536 Abzoae
1023 493 1088 537 non
1108 472 1241 557 paucio-¹

113 572 214 638 ribus.
249 571 304 636 Ab
331 571 465 637 introitu
491 571 605 636 dextra
630 593 815 637 mucronem
840 572 947 657 ipsum
969 572 1111 637 faucium
1132 583 1242 636 tenent

114 672 219 739 Udini
236 670 432 757 Scytharum
446 674 596 758 populus.
621 672 710 738 Dein
730 695 790 759 per
810 695 898 738 oram
913 673 1043 752 Albani,
1066 682 1103 738 ut
1121 674 1241 752 ferunt,

114 773 157 840 ab
172 773 288 839 Iasone
302 773 392 852 creti,
416 784 492 839 ante
509 795 589 857 quos
603 795 692 838 mare
706 774 793 857 quod
808 784 857 838 est
871 772 1036 839 Albanum
1050 775 1241 840 nominatur.

115 875 211 941 Haec
237 896 319 963 gens
342 875 513 960 superfusa
533 875 694 941 montibus
717 871 883 940 Caucasiis
905 876 947 939 ad
970 873 1095 961 Cyrum
1116 898 1242 942 amnem
1255 890 1287 938 aa

114 976 294 1042 Armeniae
316 976 488 1041 confinium
509 986 605 1061 atque
625 975 752 1080 Iberiae
775 972 956 1054 descendit,
980 985 1017 1041 ut
1038 977 1161 1042 dictum
1182 987 1240 1042 cst.

115 1074 226 1162 Supra
251 1076 409 1140 maritima
436 1078 504 1142 eius
526 1076 774 1160 Udinorumque
795 1085 926 1164 gentem
949 1073 1134 1156 Sarmatae,
1165 1076 1242 1141 Uti·

115 1161 213 1255 dorsi,
236 1177 391 1242 Aroteres
405 1177 670 1263 praetenduntur,
693 1198 829 1261 quorum
849 1199 868 1240 a
889 1186 980 1264 tergo
1000 1177 1159 1243 indicatae
1178 1178 1243 1242 iam

115 1277 301 1345 Amazones
325 1275 575 1344 Sauromatidas.
607 1277 758 1342 Flumina
784 1300 843 1363 per
866 1276 1040 1342 Albaniam
1067 1279 1242 1345 decurrunt

114 1381 149 1444 in
178 1401 267 1444 mare
299 1376 417 1444 Casius
447 1390 480 1444 et
507 1378 672 1457 Albanus,
703 1378 779 1442 dein
806 1375 987 1464 Cambyses
1015 1379 1050 1445 in
1077 1377 1242 1444 Caucasiis

115 1491 208 1546 ortus
229 1480 402 1558 montibus,
424 1503 500 1546 mox
520 1477 627 1564 Cyrus
648 1480 683 1544 in
703 1476 881 1558 Coraxicis,
904 1489 942 1545 ut
963 1480 1112 1546 diximus.
1141 1479 1243 1545 Oram

116 1605 245 1650 omnem
278 1605 298 1646 a
331 1578 429 1646 Casio
461 1581 613 1667 praealtis
644 1581 780 1666 rupibus
812 1579 1010 1646 inaccessam
1040 1591 1151 1667 patere
1183 1605 1243 1668 per

115 1704 263 1749 cacam
284 1705 310 1746 n
330 1704 363 1767 p.
391 1690 502 1747 auctor
528 1691 578 1747 est
602 1680 763 1770 Agrippa.
799 1681 835 1746 A
862 1679 950 1766 Cyro
973 1679 1129 1768 Caspium
1154 1706 1243 1748 mare

116 1784 226 1851 vocari
247 1783 379 1867 incipit;
402 1775 554 1847 adcolimt
575 1779 696 1868 Caspii.
727 1779 946 1867 Corrigendus
968 1782 1071 1847 estin
1091 1783 1152 1848 hoc
1172 1783 1288 1848 100040

116 1906 205 1951 error
232 1884 423 1960 multorum,
453 1883 549 1947 etiam
575 1883 632 1967 qui
659 1882 694 1946 in
720 1881 877 1964 Armenia
904 1904 957 1947 res
985 1905 1142 1969 proxume
1168 1907 1243 1949 cum

117 1982 303 2050 Corbulone
330 2005 470 2070 gessere.
506 1981 652 2067 Namque
678 1982 712 2046 hi
739 1979 876 2068 Caspias
904 1984 1106 2069 appellavere
1132 1995 1242 2070 portas

115 2085 243 2152 Iberiae
266 2106 346 2168 quas
370 2083 544 2150 Caucasias
565 2084 706 2148 diximus
733 2084 858 2163 vocari,
887 2085 1031 2169 situsque
1060 2087 1181 2172 depicti
1210 2097 1243 2152 et

115 2187 193 2253 inde
220 2186 310 2251 missi
336 2187 397 2250 hoc
418 2207 534 2249 nomen
554 2184 744 2269 inscriptum
763 2185 892 2251 habent.
925 2184 971 2250 Et
991 2186 1129 2252 Neronis
1149 2189 1241 2273 prin-

117 2288 201 2374 cipis
223 2287 415 2354 conminatio
436 2286 478 2350 ad
500 2283 638 2371 Caspias
663 2295 773 2371 portas
801 2286 932 2352 tendere
958 2287 1138 2367 dicebatur,
1169 2312 1242 2355 cum

116 2397 244 2475 peteret
264 2389 335 2454 illas
358 2409 441 2471 quae
462 2409 521 2473 per
534 2385 674 2450 Iberiam
694 2385 728 2449 in
744 2383 909 2451 Sarmatas
932 2387 1078 2467 tendunt,
1100 2390 1156 2454 vix
1177 2391 1242 2458 ullo

116 2500 250 2576 propter
272 2489 435 2576 oppositos
456 2486 573 2551 montis
595 2487 686 2551 aditu
706 2486 748 2550 ad
772 2482 927 2572 Caspium
947 2510 1046 2553 mare.
1076 2487 1161 2554 Sunt
1181 2514 1240 2558 au-

116 2657 147 2725 β.
167 2701 198 2711 ..
218 2660 375 2724 loayitudine,
391 2662 416 2709 d.
435 2700 467 2707 -
485 2667 565 2720 atque,
583 2657 662 2707 TPd.
689 2658 778 2721 adque,
796 2660 828 2709 Β.
854 2666 890 2720 at,
906 2654 956 2724 βγ.
975 2701 1007 2710 -
1022 2662 1120 2727 pandit,
1136 2667 1188 2717 Rd.
1208 2708 1240 2716 ..

117 2727 236 2793 obliquat,
247 2731 277 2778 P.
291 2769 323 2776 -
339 2726 482 2788 Maeotium,
494 2725 602 2775 RTPd.
621 2722 738 2785 Maeotia,
750 2720 780 2785 β
793 2767 825 2775 -
844 2725 1000 2789 descendens,
1012 2730 1144 2782 RSTPd.
1163 2733 1240 2784 draca-

117 2796 185 2858 deas,
197 2792 226 2856 β.
246 2835 277 2843 -
295 2793 384 2855 sicilia,
395 2793 472 2844 RSd.
493 2791 578 2852 eilias,
590 2794 647 2842 TP.
670 2790 780 2856 Scythici
789 2809 874 2854 arcus,
886 2789 915 2854 β
938 2794 1044 2858 εὼἰὶἰαζς,
1055 2800 1123 2848 Pint.
1142 2841 1173 2849 -
1191 2800 1240 2863 Μ,

118 2864 179 2915 ΒΡ.
198 2862 287 2913 Omitt.
300 2862 351 2910 Td.
369 2901 401 2910 ..
416 2875 472 2924 per,
485 2860 566 2908 omitt.
578 2859 630 2908 Rd.
644 2900 674 2908 -
694 2860 859 2921 communiunt,
870 2863 900 2910 P.
915 2901 946 2910 ...
963 2861 1053 2924 Abrae,
1066 2867 1090 2914 d.
1107 2865 1182 2926 Abze,
1194 2870 1239 2918 R'.

116 2928 194 2990 Abra,
206 2929 251 2977 R2.
268 2928 357 2987 Atace,
368 2929 398 2977 P.
417 2967 448 2976 ..
467 2925 596 2975 tenentium
608 2923 672 2986 daia,
684 2927 709 2975 d.
727 2927 851 2976 tenentium
865 2926 940 2989 deuia
952 2929 982 2978 Ρ.
996 2970 1028 2978 -
1045 2930 1151 2994 Deinde,
1162 2935 1192 2983 P.
1207 2975 1239 2984 ..

117 2998 243 3057 creti,Pr.
262 2996 328 3055 certi,
340 2996 364 3043 d.
388 2991 458 3053 circi,
475 2993 536 3042 BT.
560 2988 678 3056 ortassr.
698 3033 729 3042 ..
748 2991 912 3056 quod‚RPd.
933 3035 964 3043 ..
983 3007 1104 3059 moreest,
1117 3001 1154 3049 d¹.
1172 3017 1240 3052 mare

118 3065 208 3124 absest,
220 3065 265 3113 ΒΚ
284 3063 361 3121 abest,
373 3061 478 3110 R2Pd2’.
496 3060 621 3123 Equidem
631 3061 745 3110 Plinium
756 3062 884 3124 scripsisse
896 3063 1014 3112 arbitror:
1033 3072 1089 3114 ante
1102 3083 1162 3128 quos
1175 3067 1241 3133 quod

117 3147 184 3181 mare
198 3140 238 3189 est,
249 3129 282 3179 A.
298 3147 320 3178 a.
340 3129 491 3191 Corruptela
502 3134 569 3176 certe
581 3128 659 3177 latere
670 3129 775 3176 videtur.
795 3168 825 3176 ..
843 3127 974 3190 Aliarum,
986 3130 1018 3180 R.

153 3197 222 3257 §aa
244 3195 387 3256 Caucaseis,
399 3192 455 3256 Ρβ,
475 3236 507 3244 ..
526 3193 616 3244 dictum
632 3204 669 3243 est
684 3197 699 3258 ξ
712 3201 751 3244 29.
765 3236 796 3243 ..
815 3204 859 3256 eat,
872 3211 921 3245 om.
934 3197 964 3246 P.
978 3238 1009 3246 ..
1028 3197 1120 3262 Supra,
1132 3193 1238 3252 Raro.

117 3264 209 3330 Super,
220 3260 277 3325 Ρβ.
297 3305 328 3313 -
346 3265 371 3313 ia
382 3264 547 3326 dirorumque,
558 3264 588 3312 P.
608 3302 637 3311 -
656 3260 784 3323 Armatae,
795 3263 848 3312 Rd.
866 3264 892 3313 ia
904 3267 1041 3323 armathem,
1053 3266 1082 3317 P.
1100 3308 1132 3316 ..
1149 3268 1237 3331 Dorrr‘,

115 3334 147 3383 P.
167 3372 199 3381 .-
217 3330 369 3391 iudicatae§
386 3337 426 3381 35.
446 3371 477 3379 ..
494 3330 637 3392 Amazones,
648 3330 752 3381 Barbar.
769 3328 904 3380 Amazones
920 3340 952 3392 et,
964 3333 1073 3384 RTPd.
1093 3376 1124 3384 ..
1145 3334 1238 3400 Casius,

115 3401 166 3449 vid.
178 3401 239 3450 Mel.
251 3401 299 3449 ΙΠ.
314 3405 336 3458 5,
348 3407 372 3448 4,
394 3397 485 3457 Casus,
496 3398 576 3448 RPd.
590 3438 621 3446 ..
638 3395 768 3458 Albeceia,
781 3400 812 3449 Β.
826 3439 858 3446 -
876 3396 941 3461 dein,
953 3400 1062 3452 RTPd.
1082 3400 1176 3464 demde,
1188 3400 1238 3469 βγ.

117 3507 150 3516 ..
170 3464 311 3527 Coraxicis,
327 3467 431 3516 Barbar.
457 3462 607 3525 Glaesiae,
624 3467 656 3516 R.
684 3462 877 3528 coracesium.
896 3507 928 3515 ..
946 3469 990 3529 uti,
1006 3468 1066 3519 ΒΤ.
1085 3509 1117 3518 ..
1134 3471 1239 3522 diximus

117 3533 132 3594 Β
146 3540 186 3582 26.
200 3574 231 3583 ..
248 3533 328 3595 Casio,
340 3535 407 3584 Pint.
429 3532 503 3595 Casu,
514 3533 572 3583 ΒΡ.
593 3530 665 3594 Casa,
677 3533 703 3583 S.
721 3531 799 3595 Raso,
811 3534 878 3584 Td'b
897 3551 966 3597 rasu,
979 3537 1016 3585 dl.
1036 3534 1156 3599 Caucaso,
1165 3533 1195 3598 β.
1206 3579 1238 3588 ..

112 3600 245 3665 praelatis,
257 3603 282 3651 d.
300 3643 332 3650 -
351 3601 509 3661 inaccessam,
521 3601 547 3652 S.
570 3616 699 3662 accessam,
710 3602 742 3650 Β.
765 3616 897 3663 accessum,
910 3602 963 3652 Τὰ.
981 3620 1114 3665 accauum,
1125 3606 1155 3654 P.
1172 3606 1238 3656 aaa·

116 3664 231 3746 carrofi.
249 3684 403 3785 ..Pparpra
420 3670 474 3719 Rd.
496 3667 608 3733 yaryt‘ae,
625 3670 655 3720 P.
675 3708 706 3717 ..
720 3684 774 3734 per,
794 3668 849 3719 Rd.
868 3685 917 3733 per
927 3687 960 3734 p,
980 3671 1010 3720 P.
1029 3671 1118 3722 Omitt.
1134 3666 1186 3736 βγ.
1206 3714 1237 3723 ..

114 3751 206 3796 aaran,
217 3751 269 3785 om.
305 3772 311 3784 .

150 3799 165 3862 ξ
178 3807 218 3852 40.
237 3803 263 3852 iu
274 3801 326 3865 boc,
338 3804 367 3852 P.
386 3803 418 3865 ia,
429 3804 512 3856 RTd.
526 3844 557 3852 -
576 3818 651 3865 error,
663 3805 716 3853 Rd.
734 3805 806 3853 Pone
818 3811 855 3854 est
867 3804 997 3854 collocant
1007 3801 1085 3868 Par.
1104 3846 1136 3854 -
1154 3807 1237 3858 multo.

115 3885 176 3930 rum,
192 3869 282 3920 RTP.
305 3872 432 3920 multorum
449 3886 537 3930 eorum,
558 3862 628 3935 θᾱγ.
652 3871 776 3921 multorum
790 3880 912 3933 eteorum,
928 3866 956 3932 β.
976 3913 1008 3921 ..
1026 3870 1101 3934 Nam,
1113 3875 1143 3923 Ρ.
1163 3915 1194 3924 ..
1212 3877 1239 3927 la'

117 3933 237 4000 Caspias,
254 3939 283 3987 P.
312 3931 340 3986 ti
357 3936 505 4002 Caeparius,
522 3939 553 3988 Β
580 3937 601 3986 ii
617 3935 733 4003 Caspias,
751 3940 782 3988 Τ.
805 3937 975 4002 iscappasias,
992 3928 1066 3990 a*-
1082 3951 1176 4005 partas‚
1193 3944 1236 3993 hic

113 4019 200 4054 rursus
215 4005 305 4068 incipit
319 4005 352 4054 A.
372 4047 402 4055 -
422 4003 528 4056 diximus
539 4007 554 4068 ξ
566 4011 608 4055 30.
622 4047 654 4054 ..
672 4005 823 4069 inscriptum,
834 4007 919 4056 APd.
938 4006 1061 4071 scriptum,
1073 4010 1105 4058 Β.
1119 4049 1149 4058 ..
1180 4025 1235 4061 raa·

114 4070 205 4134 teriret,
222 4073 252 4124 Ρ.
272 4114 303 4122 ..
326 4072 425 4134 illan.
447 4114 479 4123 ..
503 4072 789 4137 oppositos,RAS'1'P.
816 4072 946 4138 appositos,
964 4070 1050 4140 drssr.
1078 4077 1136 4128 Om.
1155 4027 1183 4127 C.
1202 4120 1234 4128 .-

114 4137 189 4188 aditu
207 4137 376 4259 Agga'lspaym
387 4157 453 4191 mare
464 4149 518 4192 sunt
530 4139 602 4203 aliae,
611 4135 640 4202 β.
658 4141 797 4203 vulgatam
809 4141 1037 4205 interpunctionem
1049 4152 1074 4194 ct
1086 4147 1235 4210 scripturam

112 4213 216 4257 tuentur
359 4224 379 4257 r.
