<?xml version="1.0" encoding="UTF-8"?>
<!DOCTYPE html PUBLIC "-//W3C//DTD XHTML 1.0 Transitional//EN"
    "http://www.w3.org/TR/xhtml1/DTD/xhtml1-transitional.dtd">
<html xmlns="http://www.w3.org/1999/xhtml" xml:lang="en" lang="en">
 <head>
  <title>
</title>
<meta http-equiv="Content-Type" content="text/html;charset=utf-8" />
  <meta name='ocr-system' content='tesseract 3.04.00' />
  <meta name='ocr-capabilities' content='ocr_page ocr_carea ocr_par ocr_line ocrx_word'/>
</head>
<body>
  <div class='ocr_page' id='page_1' title='image "./cplinisecundina00grongoog_0089.png"; bbox 0 0 2714 4710; ppageno 0'>
   <div class='ocr_carea' id='block_1_1' title="bbox 124 318 773 362">
    <p class='ocr_par' dir='ltr' id='par_1_1' title="bbox 124 318 773 362">
     <span class='ocr_line' id='line_1_1' title="bbox 124 318 773 362; baseline 0.002 -2"><span class='ocrx_word' id='word_1_1' title='bbox 124 319 177 360; x_wconf 74' lang='lat' dir='ltr'><strong>tvl</strong></span> <span class='ocrx_word' id='word_1_2' title='bbox 584 318 773 362; x_wconf 71' lang='lat' dir='ltr'><strong>Psturfflo.</strong></span> 
     </span>
    </p>
   </div>
   <div class='ocr_carea' id='block_1_2' title="bbox 53 469 1258 3812">
    <p class='ocr_par' dir='ltr' id='par_1_2' title="bbox 53 469 1258 3812">
     <span class='ocr_line' id='line_1_2' title="bbox 123 469 1245 547; baseline 0 -19"><span class='ocrx_word' id='word_1_3' title='bbox 123 470 249 529; x_wconf 78' lang='lat' dir='ltr'><strong>tionibus</strong></span> <span class='ocrx_word' id='word_1_4' title='bbox 263 488 384 546; x_wconf 84' lang='lat' dir='ltr'><strong>prorsus</strong></span> <span class='ocrx_word' id='word_1_5' title='bbox 399 487 463 529; x_wconf 86' lang='lat' dir='ltr'><strong>esse</strong></span> <span class='ocrx_word' id='word_1_6' title='bbox 477 471 613 543; x_wconf 87' lang='lat' dir='ltr'><strong>liberum,</strong></span> <span class='ocrx_word' id='word_1_7' title='bbox 634 479 664 529; x_wconf 89' lang='lat' dir='ltr'><strong>et</strong></span> <span class='ocrx_word' id='word_1_8' title='bbox 684 472 714 530; x_wconf 91' lang='lat' dir='ltr'><strong>in</strong></span> <span class='ocrx_word' id='word_1_9' title='bbox 734 471 849 529; x_wconf 90' lang='lat' dir='ltr'><strong>utendis</strong></span> <span class='ocrx_word' id='word_1_10' title='bbox 869 469 989 544; x_wconf 82' lang='lat' dir='ltr'><strong>singulis</strong></span> <span class='ocrx_word' id='word_1_11' title='bbox 1009 487 1155 529; x_wconf 83' lang='lat' dir='ltr'><strong>summam</strong></span> <span class='ocrx_word' id='word_1_12' title='bbox 1168 489 1245 547; x_wconf 87' lang='lat' dir='ltr'><strong>pru-</strong></span> 
     </span>
     <span class='ocr_line' id='line_1_3' title="bbox 122 578 1248 657; baseline 0 -20"><span class='ocrx_word' id='word_1_13' title='bbox 122 579 249 637; x_wconf 80' lang='lat' dir='ltr'><strong>dentiam</strong></span> <span class='ocrx_word' id='word_1_14' title='bbox 262 578 381 657; x_wconf 80' lang='lat' dir='ltr'><strong>requiri,</strong></span> <span class='ocrx_word' id='word_1_15' title='bbox 396 597 472 652; x_wconf 91' lang='lat' dir='ltr'><strong>cum,</strong></span> <span class='ocrx_word' id='word_1_16' title='bbox 488 580 533 638; x_wconf 91' lang='lat' dir='ltr'><strong>uti</strong></span> <span class='ocrx_word' id='word_1_17' title='bbox 551 581 638 638; x_wconf 91' lang='lat' dir='ltr'><strong>modo</strong></span> <span class='ocrx_word' id='word_1_18' title='bbox 652 580 795 650; x_wconf 81' lang='lat' dir='ltr'><strong>dicebam,</strong></span> <span class='ocrx_word' id='word_1_19' title='bbox 818 585 848 635; x_wconf 87' lang='lat' dir='ltr'><strong>et</strong></span> <span class='ocrx_word' id='word_1_20' title='bbox 867 579 897 636; x_wconf 91' lang='lat' dir='ltr'><strong>in</strong></span> <span class='ocrx_word' id='word_1_21' title='bbox 911 579 995 637; x_wconf 88' lang='lat' dir='ltr'><strong>malis</strong></span> <span class='ocrx_word' id='word_1_22' title='bbox 1009 579 1094 639; x_wconf 88' lang='lat' dir='ltr'><strong>libris</strong></span> <span class='ocrx_word' id='word_1_23' title='bbox 1108 581 1202 638; x_wconf 81' lang='lat' dir='ltr'><strong>bonae</strong></span> <span class='ocrx_word' id='word_1_24' title='bbox 1216 587 1248 639; x_wconf 90' lang='lat' dir='ltr'><strong>et</strong></span> 
     </span>
     <span class='ocr_line' id='line_1_4' title="bbox 120 685 1244 764; baseline 0.001 -18"><span class='ocrx_word' id='word_1_25' title='bbox 120 688 249 747; x_wconf 89' lang='lat' dir='ltr'><strong>inbonis</strong></span> <span class='ocrx_word' id='word_1_26' title='bbox 263 687 359 746; x_wconf 85' lang='lat' dir='ltr'><strong>malae</strong></span> <span class='ocrx_word' id='word_1_27' title='bbox 373 687 533 764; x_wconf 87' lang='lat' dir='ltr'><strong>scripturae</strong></span> <span class='ocrx_word' id='word_1_28' title='bbox 546 688 810 764; x_wconf 75' lang='lat' dir='ltr'><strong>deprehendentur·</strong></span> <span class='ocrx_word' id='word_1_29' title='bbox 837 685 923 763; x_wconf 78' lang='lat' dir='ltr'><strong>Quod</strong></span> <span class='ocrx_word' id='word_1_30' title='bbox 943 705 1010 745; x_wconf 89' lang='lat' dir='ltr'><strong>cum</strong></span> <span class='ocrx_word' id='word_1_31' title='bbox 1028 687 1090 745; x_wconf 86' lang='lat' dir='ltr'><strong>iem</strong></span> <span class='ocrx_word' id='word_1_32' title='bbox 1104 706 1143 746; x_wconf 88' lang='lat' dir='ltr'><strong>ex</strong></span> <span class='ocrx_word' id='word_1_33' title='bbox 1154 689 1244 747; x_wconf 90' lang='lat' dir='ltr'><strong>modo</strong></span> 
     </span>
     <span class='ocr_line' id='line_1_5' title="bbox 121 794 1245 872; baseline 0.002 -17"><span class='ocrx_word' id='word_1_34' title='bbox 121 796 219 855; x_wconf 77' lang='lat' dir='ltr'><strong>allatis</strong></span> <span class='ocrx_word' id='word_1_35' title='bbox 233 797 305 856; x_wconf 86' lang='lat' dir='ltr'><strong>locis</strong></span> <span class='ocrx_word' id='word_1_36' title='bbox 319 795 427 871; x_wconf 85' lang='lat' dir='ltr'><strong>partim</strong></span> <span class='ocrx_word' id='word_1_37' title='bbox 440 795 572 872; x_wconf 83' lang='lat' dir='ltr'><strong>prodeat,</strong></span> <span class='ocrx_word' id='word_1_38' title='bbox 592 795 705 871; x_wconf 83' lang='lat' dir='ltr'><strong>aliquot</strong></span> <span class='ocrx_word' id='word_1_39' title='bbox 723 796 840 867; x_wconf 90' lang='lat' dir='ltr'><strong>addam,</strong></span> <span class='ocrx_word' id='word_1_40' title='bbox 859 796 911 854; x_wconf 91' lang='lat' dir='ltr'><strong>ubi</strong></span> <span class='ocrx_word' id='word_1_41' title='bbox 931 794 963 853; x_wconf 90' lang='lat' dir='ltr'><strong>in</strong></span> <span class='ocrx_word' id='word_1_42' title='bbox 982 795 1176 856; x_wconf 84' lang='lat' dir='ltr'><strong>deterioribus</strong></span> <span class='ocrx_word' id='word_1_43' title='bbox 1195 815 1245 856; x_wconf 90' lang='lat' dir='ltr'><strong>co·</strong></span> 
     </span>
     <span class='ocr_line' id='line_1_6' title="bbox 121 903 1247 978; baseline 0.001 -15"><span class='ocrx_word' id='word_1_44' title='bbox 121 903 233 963; x_wconf 82' lang='lat' dir='ltr'><strong>dicrbus</strong></span> <span class='ocrx_word' id='word_1_45' title='bbox 251 903 344 961; x_wconf 88' lang='lat' dir='ltr'><strong>bones</strong></span> <span class='ocrx_word' id='word_1_46' title='bbox 363 904 501 964; x_wconf 87' lang='lat' dir='ltr'><strong>lectiones</strong></span> <span class='ocrx_word' id='word_1_47' title='bbox 522 912 655 964; x_wconf 85' lang='lat' dir='ltr'><strong>servatas</strong></span> <span class='ocrx_word' id='word_1_48' title='bbox 675 923 740 964; x_wconf 87' lang='lat' dir='ltr'><strong>esse</strong></span> <span class='ocrx_word' id='word_1_49' title='bbox 761 905 905 976; x_wconf 85' lang='lat' dir='ltr'><strong>videmus,</strong></span> <span class='ocrx_word' id='word_1_50' title='bbox 924 920 1002 978; x_wconf 88' lang='lat' dir='ltr'><strong>quae</strong></span> <span class='ocrx_word' id='word_1_51' title='bbox 1022 912 1052 963; x_wconf 88' lang='lat' dir='ltr'><strong>et</strong></span> <span class='ocrx_word' id='word_1_52' title='bbox 1071 922 1126 963; x_wconf 85' lang='lat' dir='ltr'><strong>suo</strong></span> <span class='ocrx_word' id='word_1_53' title='bbox 1139 914 1247 964; x_wconf 82' lang='lat' dir='ltr'><strong>nature</strong></span> 
     </span>
     <span class='ocr_line' id='line_1_7' title="bbox 121 1012 1258 1105; baseline 0.001 -34"><span class='ocrx_word' id='word_1_54' title='bbox 121 1017 151 1071; x_wconf 88' lang='lat' dir='ltr'><strong>et</strong></span> <span class='ocrx_word' id='word_1_55' title='bbox 175 1012 330 1087; x_wconf 82' lang='lat' dir='ltr'><strong>aliquoties</strong></span> <span class='ocrx_word' id='word_1_56' title='bbox 356 1013 521 1071; x_wconf 85' lang='lat' dir='ltr'><strong>testimonio</strong></span> <span class='ocrx_word' id='word_1_57' title='bbox 541 1012 769 1088; x_wconf 81' lang='lat' dir='ltr'><strong>Bambergensis</strong></span> <span class='ocrx_word' id='word_1_58' title='bbox 795 1012 988 1089; x_wconf 79' lang='lat' dir='ltr'><strong>suspicionem</strong></span> <span class='ocrx_word' id='word_1_59' title='bbox 1012 1013 1258 1105; x_wconf 53' lang='lat' dir='ltr'><strong>interpolationis·</strong></span> 
     </span>
     <span class='ocr_line' id='line_1_8' title="bbox 120 1116 1247 1197; baseline 0.003 -19"><span class='ocrx_word' id='word_1_60' title='bbox 120 1137 244 1197; x_wconf 87' lang='lat' dir='ltr'><strong>prorsus</strong></span> <span class='ocrx_word' id='word_1_61' title='bbox 267 1121 409 1180; x_wconf 87' lang='lat' dir='ltr'><strong>reiiciunt.</strong></span> <span class='ocrx_word' id='word_1_62' title='bbox 442 1116 642 1194; x_wconf 75' lang='lat' dir='ltr'><strong>1a32,52.</strong></span> <span class='ocrx_word' id='word_1_63' title='bbox 668 1124 757 1192; x_wconf 82' lang='lat' dir='ltr'><strong>iecur,</strong></span> <span class='ocrx_word' id='word_1_64' title='bbox 783 1122 862 1196; x_wconf 91' lang='lat' dir='ltr'><strong>quod</strong></span> <span class='ocrx_word' id='word_1_65' title='bbox 886 1121 1023 1180; x_wconf 88' lang='lat' dir='ltr'><strong>omittunt</strong></span> <span class='ocrx_word' id='word_1_66' title='bbox 1042 1119 1184 1193; x_wconf 86' lang='lat' dir='ltr'><strong>VRTd,</strong></span> <span class='ocrx_word' id='word_1_67' title='bbox 1208 1122 1247 1181; x_wconf 92' lang='lat' dir='ltr'><strong>ob</strong></span> 
     </span>
     <span class='ocr_line' id='line_1_9' title="bbox 121 1228 1246 1305; baseline 0.001 -18"><span class='ocrx_word' id='word_1_68' title='bbox 121 1247 210 1304; x_wconf 89' lang='lat' dir='ltr'><strong>quam</strong></span> <span class='ocrx_word' id='word_1_69' title='bbox 225 1229 410 1288; x_wconf 88' lang='lat' dir='ltr'><strong>omissionem</strong></span> <span class='ocrx_word' id='word_1_70' title='bbox 423 1229 508 1289; x_wconf 90' lang='lat' dir='ltr'><strong>locus</strong></span> <span class='ocrx_word' id='word_1_71' title='bbox 523 1232 560 1290; x_wconf 86' lang='lat' dir='ltr'><strong>ab</strong></span> <span class='ocrx_word' id='word_1_72' title='bbox 575 1229 735 1288; x_wconf 88' lang='lat' dir='ltr'><strong>editoribus</strong></span> <span class='ocrx_word' id='word_1_73' title='bbox 749 1228 835 1288; x_wconf 85' lang='lat' dir='ltr'><strong>foede</strong></span> <span class='ocrx_word' id='word_1_74' title='bbox 848 1235 895 1288; x_wconf 91' lang='lat' dir='ltr'><strong>est</strong></span> <span class='ocrx_word' id='word_1_75' title='bbox 911 1228 1115 1305; x_wconf 79' lang='lat' dir='ltr'><strong>interpolatus,</strong></span> <span class='ocrx_word' id='word_1_76' title='bbox 1136 1230 1246 1289; x_wconf 85' lang='lat' dir='ltr'><strong>hebent</strong></span> 
     </span>
     <span class='ocr_line' id='line_1_10' title="bbox 119 1332 1246 1417; baseline 0.003 -22"><span class='ocrx_word' id='word_1_77' title='bbox 119 1333 171 1395; x_wconf 80' lang='lat' dir='ltr'><strong>Pb</strong></span> <span class='ocrx_word' id='word_1_78' title='bbox 181 1332 268 1417; x_wconf 69' lang='lat' dir='ltr'><strong>cpe,</strong></span> <span class='ocrx_word' id='word_1_79' title='bbox 287 1339 441 1397; x_wconf 83' lang='lat' dir='ltr'><strong>accedente</strong></span> <span class='ocrx_word' id='word_1_80' title='bbox 454 1336 499 1409; x_wconf 91' lang='lat' dir='ltr'><strong>B;</strong></span> <span class='ocrx_word' id='word_1_81' title='bbox 522 1333 574 1411; x_wconf 80' lang='lat'><strong>32,</strong></span> <span class='ocrx_word' id='word_1_82' title='bbox 591 1332 642 1397; x_wconf 86' lang='lat'><strong>50.</strong></span> <span class='ocrx_word' id='word_1_83' title='bbox 657 1340 752 1397; x_wconf 83' lang='lat' dir='ltr'><strong>nassis</strong></span> <span class='ocrx_word' id='word_1_84' title='bbox 767 1345 904 1396; x_wconf 82' lang='lat' dir='ltr'><strong>enotetur</strong></span> <span class='ocrx_word' id='word_1_85' title='bbox 916 1356 955 1396; x_wconf 88' lang='lat' dir='ltr'><strong>ex</strong></span> <span class='ocrx_word' id='word_1_86' title='bbox 967 1355 1027 1396; x_wconf 88' lang='lat' dir='ltr'><strong>uno</strong></span> <span class='ocrx_word' id='word_1_87' title='bbox 1040 1334 1081 1408; x_wconf 87' lang='lat' dir='ltr'><strong>K,</strong></span> <span class='ocrx_word' id='word_1_88' title='bbox 1103 1339 1246 1398; x_wconf 88' lang='lat' dir='ltr'><strong>omissum</strong></span> 
     </span>
     <span class='ocr_line' id='line_1_11' title="bbox 118 1426 1245 1524; baseline 0.003 -19"><span class='ocrx_word' id='word_1_89' title='bbox 118 1447 151 1505; x_wconf 91' lang='lat' dir='ltr'><strong>in</strong></span> <span class='ocrx_word' id='word_1_90' title='bbox 162 1426 369 1519; x_wconf 72' lang='lat' dir='ltr'><strong>BVROTd,</strong></span> <span class='ocrx_word' id='word_1_91' title='bbox 390 1447 468 1521; x_wconf 89' lang='lat' dir='ltr'><strong>quod</strong></span> <span class='ocrx_word' id='word_1_92' title='bbox 486 1445 592 1505; x_wconf 88' lang='lat' dir='ltr'><strong>iniuria</strong></span> <span class='ocrx_word' id='word_1_93' title='bbox 611 1446 723 1505; x_wconf 88' lang='lat' dir='ltr'><strong>iactum</strong></span> <span class='ocrx_word' id='word_1_94' title='bbox 744 1466 810 1505; x_wconf 89' lang='lat' dir='ltr'><strong>esse</strong></span> <span class='ocrx_word' id='word_1_95' title='bbox 824 1448 911 1505; x_wconf 91' lang='lat' dir='ltr'><strong>docet</strong></span> <span class='ocrx_word' id='word_1_96' title='bbox 923 1455 1041 1524; x_wconf 86' lang='lat' dir='ltr'><strong>praeter</strong></span> <span class='ocrx_word' id='word_1_97' title='bbox 1053 1445 1245 1508; x_wconf 81' lang='lat' dir='ltr'><strong>Aristotelem</strong></span> 
     </span>
     <span class='ocr_line' id='line_1_12' title="bbox 119 1555 1245 1632; baseline 0.002 -18"><span class='ocrx_word' id='word_1_98' title='bbox 119 1556 264 1632; x_wconf 79' lang='lat' dir='ltr'><strong>particule</strong></span> <span class='ocrx_word' id='word_1_99' title='bbox 283 1559 326 1616; x_wconf 85' lang='lat' dir='ltr'><strong>vsi</strong></span> <span class='ocrx_word' id='word_1_100' title='bbox 347 1556 377 1613; x_wconf 93' lang='lat' dir='ltr'><strong>in</strong></span> <span class='ocrx_word' id='word_1_101' title='bbox 396 1556 506 1614; x_wconf 86' lang='lat' dir='ltr'><strong>eisdem</strong></span> <span class='ocrx_word' id='word_1_102' title='bbox 526 1556 660 1615; x_wconf 89' lang='lat' dir='ltr'><strong>omnibus</strong></span> <span class='ocrx_word' id='word_1_103' title='bbox 680 1556 828 1614; x_wconf 81' lang='lat' dir='ltr'><strong>codicibus</strong></span> <span class='ocrx_word' id='word_1_104' title='bbox 843 1564 962 1613; x_wconf 86' lang='lat' dir='ltr'><strong>exstans</strong></span> <span class='ocrx_word' id='word_1_105' title='bbox 976 1563 1007 1615; x_wconf 92' lang='lat' dir='ltr'><strong>et</strong></span> <span class='ocrx_word' id='word_1_106' title='bbox 1021 1555 1245 1631; x_wconf 74' lang='lat' dir='ltr'><strong>explicationem</strong></span> 
     </span>
     <span class='ocr_line' id='line_1_13' title="bbox 120 1658 1245 1746; baseline 0.003 -23"><span class='ocrx_word' id='word_1_107' title='bbox 120 1683 179 1723; x_wconf 93' lang='lat' dir='ltr'><strong>non</strong></span> <span class='ocrx_word' id='word_1_108' title='bbox 198 1665 366 1737; x_wconf 88' lang='lat' dir='ltr'><strong>admittens,</strong></span> <span class='ocrx_word' id='word_1_109' title='bbox 387 1664 444 1723; x_wconf 89' lang='lat' dir='ltr'><strong>nisi</strong></span> <span class='ocrx_word' id='word_1_110' title='bbox 461 1664 534 1723; x_wconf 90' lang='lat' dir='ltr'><strong>illud</strong></span> <span class='ocrx_word' id='word_1_111' title='bbox 553 1682 658 1724; x_wconf 89' lang='lat' dir='ltr'><strong>nomen</strong></span> <span class='ocrx_word' id='word_1_112' title='bbox 673 1664 803 1733; x_wconf 86' lang='lat' dir='ltr'><strong>additur3</strong></span> <span class='ocrx_word' id='word_1_113' title='bbox 824 1659 876 1735; x_wconf 86' lang='lat'><strong>33,</strong></span> <span class='ocrx_word' id='word_1_114' title='bbox 891 1658 944 1723; x_wconf 83' lang='lat'><strong>45.</strong></span> <span class='ocrx_word' id='word_1_115' title='bbox 963 1673 1079 1740; x_wconf 76' lang='lat' dir='ltr'><strong>serpente</strong></span> <span class='ocrx_word' id='word_1_116' title='bbox 1101 1663 1138 1734; x_wconf 75' lang='lat' dir='ltr'><strong>Q.</strong></span> <span class='ocrx_word' id='word_1_117' title='bbox 1161 1659 1197 1746; x_wconf 86' lang='lat' dir='ltr'><strong>(i.</strong></span> <span class='ocrx_word' id='word_1_118' title='bbox 1210 1685 1245 1725; x_wconf 79' lang='lat' dir='ltr'><strong>c.</strong></span> 
     </span>
     <span class='ocr_line' id='line_1_14' title="bbox 119 1769 1246 1853; baseline 0.001 -21"><span class='ocrx_word' id='word_1_119' title='bbox 119 1769 245 1853; x_wconf 81' lang='lat' dir='ltr'><strong>Quinto)</strong></span> <span class='ocrx_word' id='word_1_120' title='bbox 267 1774 322 1833; x_wconf 86' lang='lat' dir='ltr'><strong>soll</strong></span> <span class='ocrx_word' id='word_1_121' title='bbox 340 1774 449 1832; x_wconf 85' lang='lat' dir='ltr'><strong>habent</strong></span> <span class='ocrx_word' id='word_1_122' title='bbox 461 1772 505 1844; x_wconf 86' lang='lat' dir='ltr'><strong>i13</strong></span> <span class='ocrx_word' id='word_1_123' title='bbox 524 1773 594 1832; x_wconf 88' lang='lat' dir='ltr'><strong>inde</strong></span> <span class='ocrx_word' id='word_1_124' title='bbox 612 1773 746 1832; x_wconf 88' lang='lat' dir='ltr'><strong>iecerunt</strong></span> <span class='ocrx_word' id='word_1_125' title='bbox 759 1782 875 1848; x_wconf 71' lang='lat' dir='ltr'><strong>serpente</strong></span> <span class='ocrx_word' id='word_1_126' title='bbox 889 1792 971 1847; x_wconf 82' lang='lat' dir='ltr'><strong>quem</strong></span> <span class='ocrx_word' id='word_1_127' title='bbox 984 1770 1020 1845; x_wconf 89' lang='lat' dir='ltr'><strong>B,</strong></span> <span class='ocrx_word' id='word_1_128' title='bbox 1036 1783 1154 1850; x_wconf 76' lang='lat' dir='ltr'><strong>arpenta</strong></span> <span class='ocrx_word' id='word_1_129' title='bbox 1166 1786 1246 1833; x_wconf 56' lang='lat' dir='ltr'><strong>mos*</strong></span> 
     </span>
     <span class='ocr_line' id='line_1_15' title="bbox 117 1879 1244 1958; baseline 0.001 -16"><span class='ocrx_word' id='word_1_130' title='bbox 117 1900 235 1957; x_wconf 83' lang='lat' dir='ltr'><strong>cumque</strong></span> <span class='ocrx_word' id='word_1_131' title='bbox 254 1881 299 1952; x_wconf 91' lang='lat' dir='ltr'><strong>V,</strong></span> <span class='ocrx_word' id='word_1_132' title='bbox 321 1891 438 1958; x_wconf 62' lang='lat' dir='ltr'><strong>urgente</strong></span> <span class='ocrx_word' id='word_1_133' title='bbox 460 1885 593 1941; x_wconf 81' lang='lat' dir='ltr'><strong>Marcam</strong></span> <span class='ocrx_word' id='word_1_134' title='bbox 618 1881 653 1951; x_wconf 76' lang='lat' dir='ltr'><strong>Q.</strong></span> <span class='ocrx_word' id='word_1_135' title='bbox 673 1879 762 1940; x_wconf 86' lang='lat' dir='ltr'><strong>RTd</strong></span> <span class='ocrx_word' id='word_1_136' title='bbox 768 1900 777 1951; x_wconf 87' lang='lat'>3</span> <span class='ocrx_word' id='word_1_137' title='bbox 797 1881 888 1958; x_wconf 89' lang='lat' dir='ltr'><strong>paulo</strong></span> <span class='ocrx_word' id='word_1_138' title='bbox 909 1880 987 1940; x_wconf 85' lang='lat' dir='ltr'><strong>inire</strong></span> <span class='ocrx_word' id='word_1_139' title='bbox 1007 1879 1152 1943; x_wconf 81' lang='lat' dir='ltr'><strong>Gronovii</strong></span> <span class='ocrx_word' id='word_1_140' title='bbox 1171 1903 1244 1943; x_wconf 87' lang='lat' dir='ltr'><strong>con·</strong></span> 
     </span>
     <span class='ocr_line' id='line_1_16' title="bbox 117 1989 1245 2067; baseline 0.004 -18"><span class='ocrx_word' id='word_1_141' title='bbox 117 1991 230 2049; x_wconf 86' lang='lat' dir='ltr'><strong>iectura</strong></span> <span class='ocrx_word' id='word_1_142' title='bbox 244 1992 388 2057; x_wconf 74' lang='lat' dir='ltr'><strong>teruncius</strong></span> <span class='ocrx_word' id='word_1_143' title='bbox 403 1989 522 2049; x_wconf 84' lang='lat' dir='ltr'><strong>fulcitur</strong></span> <span class='ocrx_word' id='word_1_144' title='bbox 536 2009 589 2067; x_wconf 91' lang='lat' dir='ltr'><strong>per</strong></span> <span class='ocrx_word' id='word_1_145' title='bbox 603 1992 682 2049; x_wconf 91' lang='lat' dir='ltr'><strong>solos</strong></span> <span class='ocrx_word' id='word_1_146' title='bbox 696 1991 740 2060; x_wconf 91' lang='lat' dir='ltr'><strong>il;</strong></span> <span class='ocrx_word' id='word_1_147' title='bbox 761 1990 873 2049; x_wconf 88' lang='lat' dir='ltr'><strong>accedit</strong></span> <span class='ocrx_word' id='word_1_148' title='bbox 887 1994 1048 2051; x_wconf 78' lang='lat' dir='ltr'><strong>terruncius</strong></span> <span class='ocrx_word' id='word_1_149' title='bbox 1062 2010 1101 2050; x_wconf 88' lang='lat' dir='ltr'><strong>ex</strong></span> <span class='ocrx_word' id='word_1_150' title='bbox 1112 1991 1156 2063; x_wconf 82' lang='lat' dir='ltr'><strong>B3</strong></span> <span class='ocrx_word' id='word_1_151' title='bbox 1176 1993 1245 2054; x_wconf 80' lang='lat' dir='ltr'><strong>hinc</strong></span> 
     </span>
     <span class='ocr_line' id='line_1_17' title="bbox 117 2095 1244 2179; baseline 0.003 -22"><span class='ocrx_word' id='word_1_152' title='bbox 117 2098 250 2157; x_wconf 88' lang='lat' dir='ltr'><strong>iecerunt</strong></span> <span class='ocrx_word' id='word_1_153' title='bbox 268 2102 392 2175; x_wconf 77' lang='lat' dir='ltr'><strong>terensis</strong></span> <span class='ocrx_word' id='word_1_154' title='bbox 406 2099 512 2171; x_wconf 82' lang='lat' dir='ltr'><strong>VTd,</strong></span> <span class='ocrx_word' id='word_1_155' title='bbox 538 2102 646 2160; x_wconf 74' lang='lat' dir='ltr'><strong>terrenis</strong></span> <span class='ocrx_word' id='word_1_156' title='bbox 667 2101 711 2171; x_wconf 83' lang='lat' dir='ltr'><strong>R;</strong></span> <span class='ocrx_word' id='word_1_157' title='bbox 732 2095 783 2171; x_wconf 90' lang='grc'><strong>34,</strong></span> <span class='ocrx_word' id='word_1_158' title='bbox 799 2095 851 2160; x_wconf 84' lang='grc'><strong>85.</strong></span> <span class='ocrx_word' id='word_1_159' title='bbox 872 2101 1021 2160; x_wconf 80' lang='lat' dir='ltr'><strong>Lesbocles</strong></span> <span class='ocrx_word' id='word_1_160' title='bbox 1039 2109 1119 2160; x_wconf 78' lang='lat' dir='ltr'><strong>recte</strong></span> <span class='ocrx_word' id='word_1_161' title='bbox 1136 2101 1244 2179; x_wconf 80' lang='lat' dir='ltr'><strong>legitur</strong></span> 
     </span>
     <span class='ocr_line' id='line_1_18' title="bbox 116 2206 1242 2287; baseline 0.004 -21"><span class='ocrx_word' id='word_1_162' title='bbox 116 2208 147 2266; x_wconf 92' lang='lat' dir='ltr'><strong>in</strong></span> <span class='ocrx_word' id='word_1_163' title='bbox 160 2226 204 2279; x_wconf 92' lang='lat' dir='ltr'><strong>m;</strong></span> <span class='ocrx_word' id='word_1_164' title='bbox 219 2207 297 2265; x_wconf 84' lang='lat' dir='ltr'><strong>male</strong></span> <span class='ocrx_word' id='word_1_165' title='bbox 310 2209 443 2268; x_wconf 84' lang='lat' dir='ltr'><strong>Lesboles</strong></span> <span class='ocrx_word' id='word_1_166' title='bbox 457 2208 567 2268; x_wconf 86' lang='lat' dir='ltr'><strong>habent</strong></span> <span class='ocrx_word' id='word_1_167' title='bbox 580 2207 680 2281; x_wconf 86' lang='lat' dir='ltr'><strong>VRd,</strong></span> <span class='ocrx_word' id='word_1_168' title='bbox 702 2210 835 2268; x_wconf 85' lang='lat' dir='ltr'><strong>Lesbotes</strong></span> <span class='ocrx_word' id='word_1_169' title='bbox 850 2206 886 2268; x_wconf 87' lang='grc' dir='ltr'><strong>Β.</strong></span> <span class='ocrx_word' id='word_1_170' title='bbox 909 2207 1025 2282; x_wconf 79' lang='lat' dir='ltr'><strong>Quibus</strong></span> <span class='ocrx_word' id='word_1_171' title='bbox 1039 2211 1070 2268; x_wconf 90' lang='lat' dir='ltr'><strong>in</strong></span> <span class='ocrx_word' id='word_1_172' title='bbox 1083 2210 1159 2270; x_wconf 89' lang='lat' dir='ltr'><strong>locis</strong></span> <span class='ocrx_word' id='word_1_173' title='bbox 1173 2213 1242 2287; x_wconf 88' lang='lat' dir='ltr'><strong>quis</strong></span> 
     </span>
     <span class='ocr_line' id='line_1_19' title="bbox 116 2315 1243 2394; baseline 0.003 -18"><span class='ocrx_word' id='word_1_174' title='bbox 116 2316 188 2376; x_wconf 86' lang='lat' dir='ltr'><strong>talia</strong></span> <span class='ocrx_word' id='word_1_175' title='bbox 198 2316 329 2376; x_wconf 88' lang='lat' dir='ltr'><strong>librariis</strong></span> <span class='ocrx_word' id='word_1_176' title='bbox 347 2315 491 2394; x_wconf 78' lang='lat' dir='ltr'><strong>imputet?</strong></span> <span class='ocrx_word' id='word_1_177' title='bbox 518 2318 656 2393; x_wconf 80' lang='lat' dir='ltr'><strong>vestigia</strong></span> <span class='ocrx_word' id='word_1_178' title='bbox 677 2325 747 2376; x_wconf 92' lang='lat' dir='ltr'><strong>sunt</strong></span> <span class='ocrx_word' id='word_1_179' title='bbox 764 2319 920 2377; x_wconf 91' lang='lat' dir='ltr'><strong>meliorum</strong></span> <span class='ocrx_word' id='word_1_180' title='bbox 940 2319 1075 2392; x_wconf 83' lang='lat' dir='ltr'><strong>fontium,</strong></span> <span class='ocrx_word' id='word_1_181' title='bbox 1095 2337 1169 2378; x_wconf 83' lang='lat' dir='ltr'><strong>cesu</strong></span> <span class='ocrx_word' id='word_1_182' title='bbox 1188 2320 1243 2379; x_wconf 81' lang='lat' dir='ltr'><strong>illa</strong></span> 
     </span>
     <span class='ocr_line' id='line_1_20' title="bbox 116 2421 1242 2504; baseline 0.006 -22"><span class='ocrx_word' id='word_1_183' title='bbox 116 2426 212 2485; x_wconf 87' lang='lat' dir='ltr'><strong>deleta</strong></span> <span class='ocrx_word' id='word_1_184' title='bbox 226 2428 257 2484; x_wconf 93' lang='lat' dir='ltr'><strong>in</strong></span> <span class='ocrx_word' id='word_1_185' title='bbox 271 2427 355 2486; x_wconf 90' lang='lat' dir='ltr'><strong>libris</strong></span> <span class='ocrx_word' id='word_1_186' title='bbox 370 2429 467 2499; x_wconf 90' lang='lat' dir='ltr'><strong>bonis,</strong></span> <span class='ocrx_word' id='word_1_187' title='bbox 486 2434 603 2486; x_wconf 85' lang='lat' dir='ltr'><strong>servata</strong></span> <span class='ocrx_word' id='word_1_188' title='bbox 616 2428 647 2485; x_wconf 90' lang='lat' dir='ltr'><strong>in</strong></span> <span class='ocrx_word' id='word_1_189' title='bbox 666 2428 764 2499; x_wconf 82' lang='lat' dir='ltr'><strong>melis,</strong></span> <span class='ocrx_word' id='word_1_190' title='bbox 785 2435 819 2486; x_wconf 91' lang='lat' dir='ltr'><strong>ut</strong></span> <span class='ocrx_word' id='word_1_191' title='bbox 839 2429 868 2486; x_wconf 91' lang='lat' dir='ltr'><strong>in</strong></span> <span class='ocrx_word' id='word_1_192' title='bbox 883 2429 973 2488; x_wconf 83' lang='lat' dir='ltr'><strong>Plinii</strong></span> <span class='ocrx_word' id='word_1_193' title='bbox 991 2421 1108 2504; x_wconf 80' lang='lat' dir='ltr'><strong>quoqlie</strong></span> <span class='ocrx_word' id='word_1_194' title='bbox 1127 2430 1242 2490; x_wconf 87' lang='lat' dir='ltr'><strong>codices</strong></span> 
     </span>
     <span class='ocr_line' id='line_1_21' title="bbox 116 2535 1241 2614; baseline 0.004 -20"><span class='ocrx_word' id='word_1_195' title='bbox 116 2535 223 2594; x_wconf 85' lang='lat' dir='ltr'><strong>cadant</strong></span> <span class='ocrx_word' id='word_1_196' title='bbox 236 2553 312 2612; x_wconf 83' lang='lat' dir='ltr'><strong>quse</strong></span> <span class='ocrx_word' id='word_1_197' title='bbox 332 2537 370 2594; x_wconf 94' lang='lat' dir='ltr'><strong>de</strong></span> <span class='ocrx_word' id='word_1_198' title='bbox 388 2537 453 2596; x_wconf 82' lang='lat' dir='ltr'><strong>eliis</strong></span> <span class='ocrx_word' id='word_1_199' title='bbox 472 2536 661 2614; x_wconf 83' lang='lat' dir='ltr'><strong>scriptoribus</strong></span> <span class='ocrx_word' id='word_1_200' title='bbox 677 2537 872 2595; x_wconf 87' lang='lat' dir='ltr'><strong>observarunt</strong></span> <span class='ocrx_word' id='word_1_201' title='bbox 884 2536 1001 2597; x_wconf 87' lang='lat' dir='ltr'><strong>Iaccbs.</strong></span> <span class='ocrx_word' id='word_1_202' title='bbox 1015 2538 1108 2614; x_wconf 80' lang='lat' dir='ltr'><strong>praei.</strong></span> <span class='ocrx_word' id='word_1_203' title='bbox 1122 2540 1162 2597; x_wconf 83' lang='lat' dir='ltr'><strong>ad</strong></span> <span class='ocrx_word' id='word_1_204' title='bbox 1175 2540 1241 2600; x_wconf 80' lang='lat' dir='ltr'><strong>Ae·</strong></span> 
     </span>
     <span class='ocr_line' id='line_1_22' title="bbox 53 2643 1242 2725; baseline 0.007 -23"><span class='ocrx_word' id='word_1_205' title='bbox 53 2715 56 2725; x_wconf 32' lang='lat'><strong>¹</strong></span> <span class='ocrx_word' id='word_1_206' title='bbox 115 2645 183 2702; x_wconf 87' lang='lat' dir='ltr'><strong>lian.</strong></span> <span class='ocrx_word' id='word_1_207' title='bbox 204 2644 287 2703; x_wconf 89' lang='lat' dir='ltr'><strong>Hist.</strong></span> <span class='ocrx_word' id='word_1_208' title='bbox 309 2645 410 2704; x_wconf 84' lang='lat' dir='ltr'><strong>Anim.</strong></span> <span class='ocrx_word' id='word_1_209' title='bbox 431 2645 470 2703; x_wconf 89' lang='lat' dir='ltr'><strong>T.</strong></span> <span class='ocrx_word' id='word_1_210' title='bbox 485 2645 511 2704; x_wconf 90' lang='lat' dir='ltr'><strong>I.</strong></span> <span class='ocrx_word' id='word_1_211' title='bbox 532 2664 563 2721; x_wconf 87' lang='lat' dir='ltr'><strong>p.</strong></span> <span class='ocrx_word' id='word_1_212' title='bbox 577 2645 668 2703; x_wconf 87' lang='lat' dir='ltr'>XIX.</span> <span class='ocrx_word' id='word_1_213' title='bbox 689 2654 718 2705; x_wconf 91' lang='lat' dir='ltr'><strong>et</strong></span> <span class='ocrx_word' id='word_1_214' title='bbox 739 2643 876 2722; x_wconf 85' lang='lat' dir='ltr'><strong>Spengel.</strong></span> <span class='ocrx_word' id='word_1_215' title='bbox 896 2645 988 2722; x_wconf 84' lang='lat' dir='ltr'><strong>preci.</strong></span> <span class='ocrx_word' id='word_1_216' title='bbox 1010 2649 1050 2705; x_wconf 86' lang='lat' dir='ltr'><strong>ad</strong></span> <span class='ocrx_word' id='word_1_217' title='bbox 1068 2647 1242 2710; x_wconf 85' lang='lat' dir='ltr'><strong>Aristotelis</strong></span> 
     </span>
     <span class='ocr_line' id='line_1_23' title="bbox 55 2723 1242 2827; baseline 0.006 -16"><span class='ocrx_word' id='word_1_218' title='bbox 55 2723 73 2739; x_wconf 69' lang='lat'><strong>,.</strong></span> <span class='ocrx_word' id='word_1_219' title='bbox 115 2753 273 2812; x_wconf 83' lang='lat' dir='ltr'><strong>Rhetorica</strong></span> <span class='ocrx_word' id='word_1_220' title='bbox 287 2754 325 2811; x_wconf 87' lang='lat' dir='ltr'><strong>ad</strong></span> <span class='ocrx_word' id='word_1_221' title='bbox 338 2753 555 2813; x_wconf 83' lang='lat' dir='ltr'><strong>Alexandrum.</strong></span> <span class='ocrx_word' id='word_1_222' title='bbox 579 2752 660 2827; x_wconf 78' lang='lat' dir='ltr'><strong>Ques</strong></span> <span class='ocrx_word' id='word_1_223' title='bbox 680 2773 781 2812; x_wconf 91' lang='lat' dir='ltr'><strong>omnes</strong></span> <span class='ocrx_word' id='word_1_224' title='bbox 802 2755 987 2814; x_wconf 86' lang='lat' dir='ltr'><strong>difficultates</strong></span> <span class='ocrx_word' id='word_1_225' title='bbox 1005 2757 1075 2816; x_wconf 86' lang='lat' dir='ltr'><strong>licet</strong></span> <span class='ocrx_word' id='word_1_226' title='bbox 1093 2759 1242 2818; x_wconf 73' lang='lat' dir='ltr'><strong>stemmati</strong></span> 
     </span>
     <span class='ocr_line' id='line_1_24' title="bbox 116 2862 1241 2940; baseline 0.006 -19"><span class='ocrx_word' id='word_1_227' title='bbox 116 2863 248 2921; x_wconf 90' lang='lat' dir='ltr'><strong>codicum</strong></span> <span class='ocrx_word' id='word_1_228' title='bbox 261 2862 465 2921; x_wconf 80' lang='lat' dir='ltr'><strong>Plinicnorom</strong></span> <span class='ocrx_word' id='word_1_229' title='bbox 479 2864 678 2939; x_wconf 91' lang='lat' dir='ltr'><strong>componendo</strong></span> <span class='ocrx_word' id='word_1_230' title='bbox 693 2873 857 2936; x_wconf 86' lang='lat' dir='ltr'><strong>occurrant,</strong></span> <span class='ocrx_word' id='word_1_231' title='bbox 878 2864 1040 2940; x_wconf 84' lang='lat' dir='ltr'><strong>periculum</strong></span> <span class='ocrx_word' id='word_1_232' title='bbox 1058 2871 1158 2926; x_wconf 84' lang='lat' dir='ltr'><strong>tamen</strong></span> <span class='ocrx_word' id='word_1_233' title='bbox 1176 2867 1241 2928; x_wconf 81' lang='lat' dir='ltr'><strong>eius</strong></span> 
     </span>
     <span class='ocr_line' id='line_1_25' title="bbox 115 2968 1242 3048; baseline 0.005 -18"><span class='ocrx_word' id='word_1_234' title='bbox 115 2971 274 3031; x_wconf 89' lang='lat' dir='ltr'><strong>secundum</strong></span> <span class='ocrx_word' id='word_1_235' title='bbox 294 2971 449 3032; x_wconf 88' lang='lat' dir='ltr'><strong>duodecim</strong></span> <span class='ocrx_word' id='word_1_236' title='bbox 468 2971 559 3031; x_wconf 91' lang='lat' dir='ltr'><strong>libros</strong></span> <span class='ocrx_word' id='word_1_237' title='bbox 578 2971 666 3030; x_wconf 90' lang='lat' dir='ltr'><strong>Plinii</strong></span> <span class='ocrx_word' id='word_1_238' title='bbox 686 2972 783 3030; x_wconf 82' lang='lat' dir='ltr'><strong>adhuc</strong></span> <span class='ocrx_word' id='word_1_239' title='bbox 804 2990 824 3029; x_wconf 89' lang='lat' dir='ltr'><strong>a</strong></span> <span class='ocrx_word' id='word_1_240' title='bbox 841 2992 889 3030; x_wconf 86' lang='lat' dir='ltr'><strong>ms</strong></span> <span class='ocrx_word' id='word_1_241' title='bbox 909 2974 1078 3032; x_wconf 85' lang='lat' dir='ltr'><strong>emendatos</strong></span> <span class='ocrx_word' id='word_1_242' title='bbox 1097 2968 1172 3048; x_wconf 86' lang='lat' dir='ltr'><strong>leci,</strong></span> <span class='ocrx_word' id='word_1_243' title='bbox 1193 2975 1242 3035; x_wconf 74' lang='lat' dir='ltr'><strong>citi</strong></span> 
     </span>
     <span class='ocr_line' id='line_1_26' title="bbox 114 3081 1242 3162; baseline 0.004 -22"><span class='ocrx_word' id='word_1_244' title='bbox 114 3081 187 3140; x_wconf 87' lang='lat' dir='ltr'><strong>haec</strong></span> <span class='ocrx_word' id='word_1_245' title='bbox 212 3081 270 3141; x_wconf 87' lang='lat' dir='ltr'><strong>duo</strong></span> <span class='ocrx_word' id='word_1_246' title='bbox 295 3082 508 3159; x_wconf 87' lang='lat' dir='ltr'><strong>praemittenda</strong></span> <span class='ocrx_word' id='word_1_247' title='bbox 532 3089 611 3155; x_wconf 89' lang='lat' dir='ltr'><strong>sunt,</strong></span> <span class='ocrx_word' id='word_1_248' title='bbox 636 3101 684 3140; x_wconf 93' lang='lat' dir='ltr'><strong>me</strong></span> <span class='ocrx_word' id='word_1_249' title='bbox 709 3100 811 3140; x_wconf 88' lang='lat' dir='ltr'><strong>eorum</strong></span> <span class='ocrx_word' id='word_1_250' title='bbox 829 3082 972 3156; x_wconf 89' lang='lat' dir='ltr'><strong>codicum,</strong></span> <span class='ocrx_word' id='word_1_251' title='bbox 998 3101 1125 3159; x_wconf 87' lang='lat' dir='ltr'><strong>quorum</strong></span> <span class='ocrx_word' id='word_1_252' title='bbox 1145 3102 1242 3162; x_wconf 86' lang='lat' dir='ltr'><strong>penca</strong></span> 
     </span>
     <span class='ocr_line' id='line_1_27' title="bbox 113 3182 1251 3269; baseline 0.004 -21"><span class='ocrx_word' id='word_1_253' title='bbox 113 3192 201 3250; x_wconf 92' lang='lat' dir='ltr'><strong>modo</strong></span> <span class='ocrx_word' id='word_1_254' title='bbox 221 3199 360 3268; x_wconf 86' lang='lat' dir='ltr'><strong>excerpta</strong></span> <span class='ocrx_word' id='word_1_255' title='bbox 379 3193 451 3251; x_wconf 89' lang='lat' dir='ltr'><strong>mihi</strong></span> <span class='ocrx_word' id='word_1_256' title='bbox 468 3199 586 3268; x_wconf 89' lang='lat' dir='ltr'><strong>praesto</strong></span> <span class='ocrx_word' id='word_1_257' title='bbox 607 3199 690 3250; x_wconf 85' lang='lat' dir='ltr'><strong>erant</strong></span> <span class='ocrx_word' id='word_1_258' title='bbox 709 3185 829 3269; x_wconf 83' lang='lat' dir='ltr'><strong>(quales</strong></span> <span class='ocrx_word' id='word_1_259' title='bbox 846 3200 916 3249; x_wconf 89' lang='lat' dir='ltr'><strong>sunt</strong></span> <span class='ocrx_word' id='word_1_260' title='bbox 929 3184 1092 3268; x_wconf 62' lang='grc' dir='ltr'><strong>Δηλοίς),</strong></span> <span class='ocrx_word' id='word_1_261' title='bbox 1111 3182 1251 3253; x_wconf 60' lang='lat' dir='ltr'><strong>mentio·⁴</strong></span> 
     </span>
     <span class='ocr_line' id='line_1_28' title="bbox 113 3298 1240 3378; baseline 0.003 -20"><span class='ocrx_word' id='word_1_262' title='bbox 113 3318 181 3358; x_wconf 89' lang='lat' dir='ltr'><strong>nem</strong></span> <span class='ocrx_word' id='word_1_263' title='bbox 202 3317 261 3356; x_wconf 90' lang='lat' dir='ltr'><strong>non</strong></span> <span class='ocrx_word' id='word_1_264' title='bbox 286 3299 390 3357; x_wconf 88' lang='lat' dir='ltr'><strong>iecisse</strong></span> <span class='ocrx_word' id='word_1_265' title='bbox 416 3317 512 3376; x_wconf 89' lang='lat' dir='ltr'><strong>neque</strong></span> <span class='ocrx_word' id='word_1_266' title='bbox 535 3299 628 3375; x_wconf 84' lang='lat' dir='ltr'><strong>magis</strong></span> <span class='ocrx_word' id='word_1_267' title='bbox 649 3298 745 3358; x_wconf 85' lang='lat' dir='ltr'><strong>iacere</strong></span> <span class='ocrx_word' id='word_1_268' title='bbox 763 3300 896 3376; x_wconf 87' lang='lat' dir='ltr'><strong>potuisse</strong></span> <span class='ocrx_word' id='word_1_269' title='bbox 914 3299 1077 3376; x_wconf 82' lang='lat' dir='ltr'><strong>scripturae</strong></span> <span class='ocrx_word' id='word_1_270' title='bbox 1094 3300 1158 3375; x_wconf 88' lang='lat' dir='ltr'><strong>Kr,</strong></span> <span class='ocrx_word' id='word_1_271' title='bbox 1180 3321 1240 3378; x_wconf 86' lang='lat' dir='ltr'><strong>qua</strong></span> 
     </span>
     <span class='ocr_line' id='line_1_29' title="bbox 113 3405 1239 3484; baseline 0.006 -20"><span class='ocrx_word' id='word_1_272' title='bbox 113 3425 173 3465; x_wconf 92' lang='lat' dir='ltr'><strong>non</strong></span> <span class='ocrx_word' id='word_1_273' title='bbox 193 3405 252 3465; x_wconf 92' lang='lat' dir='ltr'><strong>duo</strong></span> <span class='ocrx_word' id='word_1_274' title='bbox 272 3408 393 3481; x_wconf 90' lang='lat' dir='ltr'><strong>codices,</strong></span> <span class='ocrx_word' id='word_1_275' title='bbox 415 3408 468 3467; x_wconf 90' lang='lat' dir='ltr'><strong>sed</strong></span> <span class='ocrx_word' id='word_1_276' title='bbox 487 3425 541 3465; x_wconf 85' lang='lat' dir='ltr'><strong>sex</strong></span> <span class='ocrx_word' id='word_1_277' title='bbox 562 3408 625 3464; x_wconf 91' lang='lat' dir='ltr'><strong>sine</strong></span> <span class='ocrx_word' id='word_1_278' title='bbox 638 3410 820 3468; x_wconf 82' lang='lat' dir='ltr'><strong>accuratiore</strong></span> <span class='ocrx_word' id='word_1_279' title='bbox 841 3408 1004 3468; x_wconf 86' lang='lat' dir='ltr'><strong>discrimine</strong></span> <span class='ocrx_word' id='word_1_280' title='bbox 1022 3409 1239 3484; x_wconf 66' lang='lat' dir='ltr'><strong>significantem</strong></span> 
     </span>
     <span class='ocr_line' id='line_1_30' title="bbox 113 3508 1239 3596; baseline 0.005 -21"><span class='ocrx_word' id='word_1_281' title='bbox 113 3525 177 3575; x_wconf 89' lang='lat' dir='ltr'><strong>tum</strong></span> <span class='ocrx_word' id='word_1_282' title='bbox 198 3532 245 3573; x_wconf 90' lang='lat' dir='ltr'><strong>me</strong></span> <span class='ocrx_word' id='word_1_283' title='bbox 266 3516 380 3575; x_wconf 86' lang='lat' dir='ltr'><strong>codices</strong></span> <span class='ocrx_word' id='word_1_284' title='bbox 399 3515 456 3574; x_wconf 89' lang='lat' dir='ltr'><strong>sibi</strong></span> <span class='ocrx_word' id='word_1_285' title='bbox 475 3516 624 3591; x_wconf 80' lang='lat' dir='ltr'><strong>oppositos</strong></span> <span class='ocrx_word' id='word_1_286' title='bbox 640 3508 700 3595; x_wconf 91' lang='lat' dir='ltr'><strong>(uti</strong></span> <span class='ocrx_word' id='word_1_287' title='bbox 715 3510 851 3594; x_wconf 70' lang='lat' dir='ltr'><strong>ODTd)</strong></span> <span class='ocrx_word' id='word_1_288' title='bbox 871 3536 930 3577; x_wconf 92' lang='lat' dir='ltr'><strong>non</strong></span> <span class='ocrx_word' id='word_1_289' title='bbox 949 3537 987 3577; x_wconf 90' lang='lat' dir='ltr'><strong>ex</strong></span> <span class='ocrx_word' id='word_1_290' title='bbox 999 3520 1102 3577; x_wconf 90' lang='lat' dir='ltr'><strong>eodem</strong></span> <span class='ocrx_word' id='word_1_291' title='bbox 1115 3538 1239 3596; x_wconf 84' lang='lat' dir='ltr'><strong>prorsus</strong></span> 
     </span>
     <span class='ocr_line' id='line_1_31' title="bbox 113 3623 1239 3705; baseline 0.004 -22"><span class='ocrx_word' id='word_1_292' title='bbox 113 3624 195 3686; x_wconf 82' lang='lat' dir='ltr'><strong>fonte</strong></span> <span class='ocrx_word' id='word_1_293' title='bbox 207 3628 340 3697; x_wconf 83' lang='lat' dir='ltr'><strong>haustos,</strong></span> <span class='ocrx_word' id='word_1_294' title='bbox 362 3623 468 3684; x_wconf 87' lang='lat' dir='ltr'><strong>sedita</strong></span> <span class='ocrx_word' id='word_1_295' title='bbox 481 3623 570 3682; x_wconf 90' lang='lat' dir='ltr'><strong>modo</strong></span> <span class='ocrx_word' id='word_1_296' title='bbox 585 3625 734 3685; x_wconf 82' lang='lat' dir='ltr'><strong>derivatos</strong></span> <span class='ocrx_word' id='word_1_297' title='bbox 748 3627 926 3699; x_wconf 86' lang='lat' dir='ltr'><strong>existimare,</strong></span> <span class='ocrx_word' id='word_1_298' title='bbox 946 3635 980 3686; x_wconf 90' lang='lat' dir='ltr'><strong>ut</strong></span> <span class='ocrx_word' id='word_1_299' title='bbox 999 3627 1128 3686; x_wconf 85' lang='lat' dir='ltr'><strong>familiae</strong></span> <span class='ocrx_word' id='word_1_300' title='bbox 1142 3646 1239 3705; x_wconf 84' lang='lat' dir='ltr'><strong>quan·</strong></span> 
     </span>
     <span class='ocr_line' id='line_1_32' title="bbox 114 3734 1238 3812; baseline 0.005 -21"><span class='ocrx_word' id='word_1_301' title='bbox 114 3735 182 3793; x_wconf 85' lang='lat' dir='ltr'><strong>dam</strong></span> <span class='ocrx_word' id='word_1_302' title='bbox 201 3735 419 3795; x_wconf 89' lang='lat' dir='ltr'><strong>similitudinem</strong></span> <span class='ocrx_word' id='word_1_303' title='bbox 438 3751 511 3809; x_wconf 87' lang='lat' dir='ltr'><strong>prae</strong></span> <span class='ocrx_word' id='word_1_304' title='bbox 533 3752 564 3793; x_wconf 86' lang='lat' dir='ltr'><strong>se</strong></span> <span class='ocrx_word' id='word_1_305' title='bbox 583 3734 690 3808; x_wconf 88' lang='lat' dir='ltr'><strong>ierant,</strong></span> <span class='ocrx_word' id='word_1_306' title='bbox 711 3736 808 3812; x_wconf 79' lang='lat' dir='ltr'><strong>qualis</strong></span> <span class='ocrx_word' id='word_1_307' title='bbox 826 3738 915 3795; x_wconf 80' lang='lat' dir='ltr'><strong>etiam</strong></span> <span class='ocrx_word' id='word_1_308' title='bbox 929 3737 960 3795; x_wconf 93' lang='lat' dir='ltr'><strong>in</strong></span> <span class='ocrx_word' id='word_1_309' title='bbox 974 3737 1143 3797; x_wconf 89' lang='lat' dir='ltr'><strong>hominibus</strong></span> <span class='ocrx_word' id='word_1_310' title='bbox 1162 3738 1238 3797; x_wconf 85' lang='lat' dir='ltr'><strong>eius·</strong></span> 
     </span>
    </p>
   </div>
   <div class='ocr_carea' id='block_1_3' title="bbox 8 3842 1280 3938">
    <p class='ocr_par' dir='ltr' id='par_1_3' title="bbox 8 3842 1280 3938">
     <span class='ocr_line' id='line_1_33' title="bbox 8 3842 1280 3938; baseline 0.005 -38"><span class='ocrx_word' id='word_1_311' title='bbox 8 3914 12 3921; x_wconf 33' lang='grc'><strong>,</strong></span> <span class='ocrx_word' id='word_1_312' title='bbox 113 3842 179 3901; x_wconf 89' lang='lat' dir='ltr'><strong>dem</strong></span> <span class='ocrx_word' id='word_1_313' title='bbox 199 3844 296 3918; x_wconf 80' lang='lat' dir='ltr'><strong>gentis</strong></span> <span class='ocrx_word' id='word_1_314' title='bbox 316 3847 353 3904; x_wconf 89' lang='lat' dir='ltr'><strong>ab</strong></span> <span class='ocrx_word' id='word_1_315' title='bbox 372 3862 432 3903; x_wconf 92' lang='lat' dir='ltr'><strong>uno</strong></span> <span class='ocrx_word' id='word_1_316' title='bbox 453 3852 540 3903; x_wconf 82' lang='lat' dir='ltr'><strong>atavo</strong></span> <span class='ocrx_word' id='word_1_317' title='bbox 562 3846 682 3922; x_wconf 86' lang='lat' dir='ltr'><strong>stirpem</strong></span> <span class='ocrx_word' id='word_1_318' title='bbox 703 3847 912 3906; x_wconf 81' lang='lat' dir='ltr'><strong>deducentibus</strong></span> <span class='ocrx_word' id='word_1_319' title='bbox 937 3845 1123 3908; x_wconf 88' lang='lat' dir='ltr'><strong>observatur.</strong></span> <span class='ocrx_word' id='word_1_320' title='bbox 1155 3847 1237 3924; x_wconf 83' lang='lat' dir='ltr'><strong>Ergo</strong></span> <span class='ocrx_word' id='word_1_321' title='bbox 1276 3928 1280 3938; x_wconf 21' lang='grc' dir='ltr'><em>Α</em></span> 
     </span>
    </p>
   </div>
   <div class='ocr_carea' id='block_1_4' title="bbox 113 3951 958 4030">
    <p class='ocr_par' dir='ltr' id='par_1_4' title="bbox 113 3951 958 4030">
     <span class='ocr_line' id='line_1_34' title="bbox 113 3951 958 4030; baseline 0.004 -19"><span class='ocrx_word' id='word_1_322' title='bbox 113 3952 168 4012; x_wconf 90' lang='lat' dir='ltr'><strong>hoc</strong></span> <span class='ocrx_word' id='word_1_323' title='bbox 182 3951 245 4012; x_wconf 86' lang='lat' dir='ltr'><strong>iere</strong></span> <span class='ocrx_word' id='word_1_324' title='bbox 258 3954 345 4012; x_wconf 90' lang='lat' dir='ltr'><strong>modo</strong></span> <span class='ocrx_word' id='word_1_325' title='bbox 361 3953 472 4014; x_wconf 90' lang='lat' dir='ltr'><strong>codices</strong></span> <span class='ocrx_word' id='word_1_326' title='bbox 486 3953 610 4015; x_wconf 87' lang='lat' dir='ltr'><strong>Pliniani</strong></span> <span class='ocrx_word' id='word_1_327' title='bbox 624 3954 794 4030; x_wconf 89' lang='lat' dir='ltr'><strong>disponendi</strong></span> <span class='ocrx_word' id='word_1_328' title='bbox 808 3957 958 4015; x_wconf 83' lang='lat' dir='ltr'><strong>videntur:</strong></span> 
     </span>
    </p>
   </div>
   <div class='ocr_carea' id='block_1_5' title="bbox 0 0 1362 4710">
    <p class='ocr_par' dir='ltr' id='par_1_5' title="bbox 0 0 1362 4710">
     <span class='ocr_line' id='line_1_35' title="bbox 0 0 1362 4710; baseline 0 3"><span class='ocrx_word' id='word_1_329' title='bbox 0 0 1362 4710; x_wconf 95' lang='lat' dir='ltr'><strong> </strong></span> 
     </span>
    </p>
   </div>
  </div>
 </body>
</html>
