2714 4710
552 299 768 347 ramrnrro.
1184 288 1223 351 15

101 448 286 515 Hannibale
307 448 476 514 didicisset
496 450 631 515 militare
659 461 692 516 et
713 473 753 515 ne
775 450 965 516 Africanum
987 451 1118 535 quidem
1139 452 1224 517 serre

101 558 280 646 potuisset,-
293 559 348 642 qui
366 558 530 644 inperator
544 560 740 646 trimnphum
753 571 959 646 reportasset,
981 570 1109 646 paratos
1124 560 1224 627 fuisse

101 669 182 732 istos
196 668 253 751 qui
270 667 504 734 obtrectatione
519 669 622 734 aliena
636 668 788 734 scientiae
804 670 922 734 famam
938 670 999 735 sibi
1012 680 1223 756 aucupantur.

103 775 218 857 „Quid
244 777 378 841 enim?’'
405 778 451 841 ait
471 777 505 841 in
528 800 566 843 eo
587 779 758 856 volumine,
787 779 877 857 „scio
900 801 972 867 ego,
1000 801 1083 862 quae
1106 780 1226 864 scripta

14 1002 16 1005 '
102 995 351 1081 iipotissimum
377 993 433 1077 qui
454 1018 550 1060 verae
576 997 680 1061 laudis
708 1007 857 1082 expertes
884 1008 968 1063 sunt.
1012 998 1136 1064 Eorum
1164 1021 1225 1087 ego

103 1094 262 1169 orationes
285 1103 345 1169 sibi
366 1092 566 1189 praetere0.”
603 1104 672 1171 Nec
693 1104 834 1171 Plancus
855 1106 1006 1193 inlepide,
1040 1129 1114 1172 cum
1136 1107 1224 1174 dice·
1238 1129 1269 1173 ar

104 1222 193 1277 retur
213 1212 348 1277 Asinius
369 1211 472 1277 Pollib
494 1214 653 1278 orationes
674 1215 716 1307 113:
729 1237 804 1306 eum
824 1237 949 1301 parare,
983 1238 1065 1300 quae
1092 1217 1132 1282 ab
1153 1218 1225 1303 ipsc

104 1333 161 1386 aut
182 1320 291 1388 liberis
312 1332 388 1407 post
401 1332 537 1387 mortem
550 1321 662 1388 Planci
674 1306 855 1389 'ederentur
875 1348 917 1391 ns
939 1326 1134 1411 respondere
1148 1348 1225 1412 pos-

105 1441 165 1509 set,
200 1453 274 1496 cum
300 1430 434 1495 mortuis
460 1453 524 1495 non
549 1431 611 1496 nisi
632 1432 736 1497 larvas
757 1433 881 1512 luctari,
910 1456 974 1518 quo
997 1435 1083 1500 dicto
1106 1434 1152 1501 sic
1173 1457 1226 1501 rc-

105 1541 267 1626 percussit
286 1541 356 1606 illas
382 1540 532 1625 utapud
560 1540 702 1604 eruditos
729 1541 808 1607 nihil
827 1542 1034 1626 inpudentius
1055 1544 1225 1609 iudicetur.

104 1647 196 1736 Ergo
219 1648 324 1714 securi
346 1649 442 1714 etiam
464 1658 575 1714 contra
589 1649 835 1736 vitilitigatores,
860 1670 940 1732 quos
961 1647 1042 1715 Cato
1065 1653 1227 1737 eleganter
1240 1673 1272 1717 aa

107 1780 149 1822 ex
177 1757 262 1823 vitiis
296 1768 329 1821 et
355 1756 570 1845 litigatoribus
601 1758 790 1841 composuit,
825 1758 920 1843 (quid
948 1759 1033 1822 enim
1066 1759 1112 1825 illi
1140 1759 1228 1825 aliud

108 1888 205 1950 quam
225 1865 353 1953 litigant
373 1875 430 1930 aut
450 1866 539 1932 litem
562 1866 755 1951 quaeruntl)
779 1889 992 1950 exsequemur
1005 1868 1129 1951 reliqua
1149 1890 1226 1954 pro-

106 1974 214 2061 positi.
260 1973 346 2054 Quia
372 1974 635 2059 occupationibus
669 1975 731 2038 tuis
757 1976 888 2060 publico
919 1976 1003 2041 bono
1029 1978 1227 2061 parcendum

108 2095 188 2163 erat,
212 2083 291 2166 quid
312 2084 447 2170 singulis
463 2084 678 2148 contineretur
692 2084 791 2162 libris,
814 2085 889 2150 huic
903 2086 1061 2170 {epistulae
1077 2086 1227 2151 subiunxi
1297 2106 1300 2109 ’

108 2214 295 2276 summaque
324 2215 401 2257 cura
426 2215 467 2256 ne
487 2192 641 2279 legendos
664 2215 719 2258 eos
741 2193 875 2259 haberes
898 2216 1028 2279 operam
1050 2195 1134 2259 dedi.
1176 2194 1228 2259 Tu
1241 2218 1274 2261 aa

107 2357 262 2420 dprioribus
278 2356 367 2405 litteris
384 2355 523 2405 exstinctis.
546 2357 582 2404 ita
598 2359 721 2419 reprobent
736 2365 762 2405 at
776 2355 870 2421 eliquat,
889 2358 930 2405 Pr
946 2352 1003 2417 (alii
1015 2359 1088 2406 codd.
1101 2355 1227 2420 Barbari),

107 2426 179 2487 quod
198 2425 291 2487 probat
308 2425 448 2474 Turnebus.
469 2424 505 2472 ita
526 2423 655 2486 reprobant
673 2424 735 2472 sicat
754 2419 851 2487 elipant,
872 2423 962 2472 Ambr.
983 2425 1004 2473 I.
1028 2423 1140 2486 vellicant,
1157 2427 1227 2475 Rhe-

107 2506 198 2540 nanus.
217 2493 249 2541 In
260 2493 306 2541 Ra
317 2491 492 2550 lacuna-bi,
505 2482 644 2539 abAR'2P.
657 2489 702 2549 bic,
715 2491 738 2538 d.
752 2489 854 2540 Omittit
865 2492 1018 2552 ΙΙΙ-πη,
1036 2485 1228 2556 ad...cxpcsti,

108 2560 154 2608 ab.
166 2595 201 2603 -
212 2567 273 2619 sana
291 2559 413 2607 omittunt
429 2558 520 2607 Ambr.
538 2558 559 2606 Ι.
576 2558 611 2606 Π.
630 2564 655 2605 et
665 2557 715 2605 alii
733 2558 806 2605 codd.
824 2559 968 2607 Rezzonic'r.
979 2596 1013 2603 -
1025 2559 1073 2608 sibi
1080 2596 1087 2620 ,
1099 2560 1228 2611 abdrRP

110 2623 238 2689 (Murbac.
251 2625 370 2675 Cantabr.
383 2641 424 2688 ap.
435 2625 594 2683 Durandum,
606 2623 695 2673 Ambr.
712 2625 733 2673 Ι.
745 2625 780 2672 Π.
799 2632 824 2673 ct
840 2625 884 2673 alii
896 2628 969 2675 codd.
982 2641 1023 2690 ap.
1036 2624 1229 2689 Rezaonicum.)

111 2711 132 2753 s,
145 2687 174 2742 Δ.
187 2694 246 2752 sino,
258 2687 486 2757 fir.7-praetereo,
504 2683 588 2740 APd²
599 2689 731 2752 (Cantaba
745 2693 795 2741 duo
805 2694 882 2745 codd.
894 2690 1028 2755 Turncbi.)
1037 2704 1143 2758 praeter,
1156 2697 1228 2745 abd¹

110 2758 216 2878 {Ambr.
225 2761 288 2810 Ι.Π.
301 2760 424 2818 Murbac.,
436 2774 502 2807 unus
513 2759 577 2807 liber
588 2759 700 2808 Turnebi
712 2767 737 2808 et
748 2759 791 2808 alii
801 2761 874 2809 codd.
884 2759 1041 2822 Remonici.)
1051 2764 1229 2826 praeterfluere,

136 2843 233 2890 ,supra
243 2827 338 2876 lineam
349 2822 401 2889 βγ.
420 2827 511 2889 Spreta
522 2825 598 2874 foeda
614 2826 811 2889 interpolatione
828 2828 906 2889 vulgo
924 2835 1046 2890 regnante
1063 2831 1095 2878 ad
1113 2831 1230 2879 codicum

109 2895 249 2944 lectionem
260 2895 330 2954 redii,
343 2895 370 2942 in
382 2908 433 2956 qua
444 2894 508 2942 haec
519 2893 644 2942 sententia
654 2894 753 2942 videtur
764 2909 831 2943 csse:
843 2908 949 2954 „eorum
960 2909 1008 2954 ego
1022 2895 1149 2944 orationes
1162 2897 1229 2945 sicco

109 2965 175 3025 pede
184 2968 314 3025 praetereo
325 2975 417 3022 easque
428 2975 482 3009 non
494 2973 554 3008 curo
566 2960 680 3023 ipsorum
691 2961 718 3009 in
729 2962 836 3020 lucrum,
849 2961 916 3021 quia,
929 2961 949 3009 si
963 2974 1083 3021 curarem,
1095 2963 1203 3023 pessime
1215 2978 1231 3010 a

108 3044 152 3078 me
160 3031 293 3079 habendae
302 3028 409 3078 essent.'’
423 3027 479 3078 Sibi
486 3028 563 3090 igitur
571 3034 610 3076 est
619 3041 694 3089 quem
704 3027 791 3076 dicunt
800 3027 898 3074 dativus
908 3027 1044 3086 commodi,
1054 3034 1079 3075 et
1088 3029 1230 3088 pronomen

112 3097 274 3156 reflexim,
293 3097 364 3145 cuius
381 3097 440 3145 loco
460 3096 503 3157 qui
520 3095 551 3143 iia
568 3107 663 3156 ponere
682 3093 760 3142 vellet
770 3093 881 3141 multum
892 3099 993 3152 erraret,
1005 3093 1116 3142 maxime
1127 3102 1231 3157 propter

112 3177 204 3212 vocem
216 3180 295 3212 aarum
306 3179 322 3211 a
333 3162 431 3213 Catone
444 3170 482 3210 est
493 3161 614 3225 positum,
627 3161 722 3209 scilicet
733 3160 786 3218 sabi,
799 3172 852 3207 non
863 3160 921 3209 mibi
931 3156 1096 3222 (Ramshcrn.
1116 3161 1229 3211 Gramm.

112 3232 171 3281 Lat.
184 3246 209 3294 p.
224 3227 294 3290 543.)
318 3231 423 3280 oratione
434 3230 474 3278 vel
487 3231 626 3278 coaradcne
637 3229 743 3286 incitari,
754 3228 902 3276 Rhenanus.

147 3295 217 3357 531.
235 3297 343 3362 inlepide,
356 3314 378 3346 a.
391 3297 415 3346 in
428 3296 511 3360 lepido,
523 3296 632 3355 P.-at,
644 3294 810 3353 R-Ptaat,
822 3294 933 3354 P.-ae,
949 3296 974 3344 R
985 3291 1100 3356 (Ugolet.
1117 3293 1231 3359 Iovian.)

112 3381 162 3426 acc,
181 3357 271 3414 abPA
289 3363 414 3424 (Murbac.
426 3364 516 3412 Ambr.
534 3364 555 3412 I.
568 3364 602 3412 Π.
621 3362 759 3412 Oarbonar.
777 3369 802 3410 et
820 3363 892 3410 codd.
911 3358 1044 3423 Turnebi.)
1062 3379 1113 3424 noa,
1131 3360 1183 3414 Td.
1195 3402 1230 3411 ..
1306 3420 1314 3435 ⁶

110 3441 198 3496 posset,
209 3433 255 3482 na
266 3430 381 3494 (Ugolet.
394 3427 593 3493 Iovianbposse,
605 3422 697 3478 bcAT
710 3427 811 3492 (Ambr.
821 3431 841 3479 Ι.
851 3430 885 3478 Π.
899 3430 1037 3480 Carbonar.
1051 3438 1076 3479 et
1087 3433 1137 3480 duo
1154 3434 1229 3481 codd.

60 3507 66 3518 '
112 3495 248 3557 Tarncbi)
257 3500 338 3562 potuit,
350 3500 372 3548 P
385 3496 463 3560 (unus
480 3499 562 3546 codex
578 3493 711 3557 Turncbi.)
722 3533 756 3542 -
768 3497 848 3557 larva,
860 3498 890 3546 P.
902 3535 937 3543 -
948 3498 1003 3557 nisi,
1018 3498 1048 3546 P.
1061 3536 1095 3544 -
1106 3498 1229 3560 ittdicetur,

113 3580 204 3615 omnes
215 3567 265 3614 mei
277 3568 351 3615 codd.
363 3573 388 3614 et
399 3566 512 3615 Murbac.

147 3632 163 3693 §
177 3639 218 3683 32.
236 3642 325 3694 matra,
339 3633 433 3682 omittit
444 3632 699 3698 P.-vitilitipctores,
711 3623 840 3693 AlOEscor.
853 3632 874 3681 I.
883 3629 918 3681 11.
928 3631 1018 3680 Ambr.
1030 3631 1064 3679 Π.
1078 3629 1229 3691 Carbonar.)

113 3700 305 3766 citiils'tiqctorea,
317 3703 355 3749 ad
367 3698 469 3761 (Ambr.
481 3697 516 3762 Ι.)
529 3701 587 3750 vicii
602 3699 720 3764 lignatores,
737 3700 762 3747 b.
780 3698 943 3764 vitiligatcres,
956 3698 1060 3760 Ugolet.
1072 3698 1170 3747 Iovian.
1183 3699 1232 3748 vici

113 3767 253 3834 &patarea
269 3768 300 3817 P.
318 3784 349 3816 aa
366 3767 503 3832 litipatcres‚
520 3770 551 3818 R.
564 3806 599 3813 -
610 3767 734 3826 evidenter,
752 3765 782 3814 Τ.
794 3802 829 3810 -
840 3765 883 3827 itti,
901 3758 956 3814 ΔΡ.
969 3764 1040 3824 illud,
1058 3765 1102 3813 ab.
1115 3758 1191 3832 illtssss,
1204 3768 1229 3815 d.

114 3834 219 3885 Omittit
227 3837 258 3895 R,
271 3835 314 3884 ubi
327 3837 415 3884 eadem
425 3850 515 3883 manus
527 3835 608 3883 lineae
621 3833 1007 3896 suprascripsit-exsequemur,
1019 3825 1130 3881 Rabdd
1143 3831 1229 3894 (codd.

112 3898 272 3962 Reaaonici.)
285 3919 448 3965 exsequamur,
460 3903 507 3951 Pr.
520 3900 621 3963 (Ambr.
631 3903 652 3949 I.
664 3897 753 3959 11.).-
768 3896 839 3959 (laic,
851 3892 962 3948 abcRA
966 3901 988 3949 P
1000 3898 1126 3960 (Murbac.
1138 3901 1228 3949 Ambr.

112 3967 196 4032 LII.)
213 3967 278 4026 Ouia
290 3986 352 4030 vero,
364 3969 467 4032 Ugolet.
485 3968 582 4017 Iovian.
599 3967 728 4016 Vallicell.
750 3962 814 4019 Quia
831 3965 882 4014 viro
899 3961 942 4027 (t),
959 3967 1010 4016 Kr.
1022 4003 1056 4012 .-
1068 3965 1228 4029 contineretur,

113 4037 292 4087 deRPhlr
309 4034 411 4100 (Ambr.
429 4038 450 4086 Ι.
468 4032 516 4096 Π.)
535 4035 668 4093 certabatur,
685 4049 708 4083 a.
727 4032 877 4092 conducatur,
894 4025 949 4092 Δβ.
960 4070 995 4078 -
1005 4033 1121 4094 subiunxi,
1134 4035 1229 4083 omittit
1300 4056 1302 4065 r

113 4105 159 4154 R'.
171 4142 206 4150 ..
217 4121 247 4153 ne
259 4103 374 4169 legendos,
386 4104 476 4153 Ambr.
488 4105 509 4153 Ι.
522 4103 556 4151 Π.
568 4103 656 4151 Escor.
668 4101 689 4150 Ι.
702 4101 737 4149 Π.
749 4116 791 4148 aec
802 4093 972 4165 lependm,bd
976 4100 1006 4149 P.
1019 4116 1048 4148 ae
1059 4116 1101 4149 nec
1112 4099 1228 4166 legendos,

115 4171 323 4285 damplepeadoa
341 4173 372 4222 R.
390 4188 418 4221 ne
432 4169 593 4236 perleqendoa
612 4170 685 4217 codd.
702 4167 838 4219 Razaomci
854 4161 884 4228 β.
901 4167 932 4216 Iu
949 4183 965 4216 a
975 4167 1075 4216 lacuna.
1087 4205 1121 4213 -
1133 4169 1228 4227 babere,

115 4255 132 4287 a
159 4275 165 4286 .
178 4239 280 4290 Omittit
291 4239 321 4287 P.
