2714 4710
119 287 188 331 xm
585 283 775 329 venustum.

160 439 211 499 Ex
230 439 329 498 oodioe
347 437 419 497 setis
439 436 622 496 memorabili
640 443 778 512 exoerpte
798 450 854 494 suo
872 431 1009 495 Pliniene
1026 433 1161 497 ledono
1177 435 1242 496 112·-

117 549 259 626 spoleeeie
271 547 398 624 sumpsit
410 546 441 605 in
453 545 698 624 etymologiarum
710 542 803 618 libris,
822 544 861 603 de
874 542 956 603 euius
969 543 1080 620 operis,
1098 543 1145 605 uti
1162 561 1242 607 nuno

115 655 252 729 hebetur,
270 648 443 717 edetoritete
460 654 492 714 in
509 655 609 716 Plinio
627 653 810 713 emendando
827 650 946 713 diffieile
965 659 1012 714 est
1028 650 1171 725 iudieetu.
1201 651 1243 713 Id

115 767 173 829 hoo
192 766 259 826 loeo
277 765 400 827 uberius
419 780 566 840 exponere
587 763 709 840 longum
733 769 779 821 est
802 769 833 821 et
845 761 949 841 ⁸sotius
973 760 1090 835 videtur
1112 761 1240 847 leotores

116 890 243 951 qnorum
263 871 355 943 relert
368 872 411 937 ed
424 872 505 931 Ieni
524 872 642 931 dootmn
660 871 840 931 novissimae
851 869 961 931 Isidori
977 869 1110 931 editionis
1129 887 1241 932 σοπη-

115 1000 180 1043 rem
198 981 313 1041 diurnis
331 980 506 1058 antiquariis
525 974 619 1042 1837.
641 998 687 1040 nr.
702 974 762 1043 84..
775 973 827 1041 35.
848 972 900 1040 86.
919 977 1062 1039 insertam
1078 978 1240 1039 remittere.

116 1086 205 1151 Certo
218 1089 327 1149 seimus
348 1089 477 1151 oodioem
494 1106 554 1164 quo
572 1107 646 1149 usus
657 1095 705 1165 est
717 1089 849 1147 Isidorus
861 1087 1052 1163 integriorem
1071 1095 1103 1148 et
1122 1087 1239 1165 plenio-
1284 1139 1288 1149 ,

115 1215 179 1258 rem
191 1183 285 1258 mee
298 1198 446 1259 museus
459 1205 576 1275 praees
588 1174 841 1272 nemetensem
853 1195 989 1255 omniun
1002 1189 1050 1276 (v.
1062 1196 1103 1254 eu
1115 1189 1171 1268 m,
1185 1189 1241 1281 ‚⁹⁵-

115 1300 283 1383 37,154.),
303 1307 428 1369 subinde
446 1325 485 1365 ex
502 1323 538 1365 eo
559 1306 623 1365 solo
642 1323 729 1365 veros
747 1305 779 1364 in
791 1303 881 1365 Plinii
898 1304 1060 1364 orationem
1077 1302 1240 1381 seriptureo

115 1415 295 1493 reeipiendes
314 1414 405 1474 luisse
424 1407 708 1494 (37,148.197.),
730 1431 830 1490 neque
854 1421 953 1473 temen
972 1412 1153 1488 eonnpturs
1173 1413 1251 1473 vul-.-

114 1541 202 1603 geres
215 1523 253 1583 eb
267 1541 302 1583 eo
315 1523 426 1596 abesse,
441 1523 486 1583 uti
499 1523 599 1599 eliquo
611 1523 644 1582 in
656 1522 723 1583 loeo
736 1523 850 1583 Isidoro
864 1540 903 1583 ex
916 1521 1014 1583 Plinio
1026 1521 1240 1581 restituendum

114 1639 361 1710 eeeeemepro
375 1650 484 1693 eretus-
1247 1689 1253 1694 .

155 1740 277 1802 Primus
290 1756 357 1817 ego,
374 1746 531 1826 postquem
544 1757 622 1799 unus
635 1735 748 1800 Ulitiue
761 1740 801 1798 ed
814 1736 915 1798 Grretii
928 1735 1040 1816 Cyneg.
1054 1733 1129 1799 432.
1145 1755 1239 1807 unum

114 1849 179 1909 eius
198 1849 297 1908 lorum
315 1848 355 1908 ed
367 1846 457 1906 Plinii
470 1838 507 1920 ’2,
522 1844 595 1908 234.
615 1841 798 1927 adhibuit*),
818 1865 891 1907 usus
910 1863 976 1905 sum
995 1846 1116 1905 Roberti
1131 1846 1240 1909 Ueneti

118 1957 328 2018 Critelodeneio
347 1957 527 2031 defloratione
546 1959 699 2029 Pliniana,
727 1956 763 2014 de
783 1974 843 2032 que
866 1973 920 2032 per
941 1954 1099 2013 nonnullos
1119 1954 1237 2015 eodioes

116 2071 234 2124 servate
253 2063 345 2140 paulo
364 2064 484 2122 uberius
504 2063 713 2141 disputandum
738 2065 862 2124 videtur.
897 2062 930 2123 Is
949 2061 1039 2121 Prior
1059 2060 1240 2123 oxoniensis

114 2172 234 2233 seeoulo
247 2169 324 2230 ΧΠ.
338 2177 432 2230 totem
444 2171 535 2231 Plinii
548 2175 714 2232 naturalem
732 2173 881 2233 historiam
895 2173 927 2230 in
940 2189 1047 2231 novem
1059 2171 1152 2231 libros
1165 2188 1239 2231 oon·

113 2287 246 2342 traxerat
269 2288 299 2339 et
320 2281 396 2339 hono
419 2280 566 2358 epitomen
587 2281 719 2340 Henrioo
737 2282 780 2340 11.
805 2281 869 2356 regi
887 2279 1015 2356 Angliee
1039 2279 1238 2345 dedioeveret.

113 2389 221 2449 Plures
244 2390 324 2466 iique
348 2389 456 2465 integri
479 2389 567 2449 huius
590 2390 658 2450 lrlni
682 2391 796 2450 oodioes
816 2390 848 2447 in
866 2387 1039 2448 Britanniae
1057 2387 1238 2475 bioliotheris

115 2503 271 2559 serventur
302 2496 375 2576 (vid.
407 2516 483 2575 quoe
512 2498 576 2557 dixi
599 2499 631 2556 in
660 2498 773 2558 diurnis
803 2498 968 2557 scholastie.
995 2482 1088 2556 1833.
1112 2515 1160 2556 nr.
1184 2491 1237 2558 52.

113 2627 146 2684 p.
160 2602 269 2687 413.);
291 2624 370 2665 unus
387 2606 471 2681 isque
491 2624 600 2682 megne
619 2607 665 2667 sui
677 2615 761 2685 perte
777 2607 1079 2677 detruncetusexstet
1089 2605 1121 2667 in
1134 2603 1238 2667 biblio·

114 2714 200 2774 nee
210 2707 713 2793 Guelferbytene(y.Ebert„eenl.
727 2716 816 2775 nurus
829 2715 964 2779 brenoth.
978 2694 1238 2794 retentemus

113 2822 280 2901 preelectus
301 2821 483 2881 doctissimus
502 2821 631 2897 mihique
650 2824 843 2883 amicissimus
863 2822 1021 2882 Carolus
1040 2821 1237 2900 Philippus

115 2929 377 2992 Sohoenemenn
403 2928 489 2988 illum
512 2932 653 2989 utendum
672 2931 745 2989 mihi
770 2932 1043 2991 benevolentissime
1064 2930 1236 2991 transmisit.

112 3040 171 3099 Hie
196 3040 303 3112 codex,
329 3057 405 3099 seeo.
430 3037 520 3099 XIV.
546 3019 741 3115 quodraginta
764 3040 880 3100 dnobus
905 3039 983 3098 loliis
1008 3020 1238 3115 quadruplieet‘us
1268 3107 1276 3119 Ι

113 3147 250 3224 scriptus,
277 3148 474 3208 deflorationis
493 3150 581 3208 modo
599 3148 689 3208 libros
710 3157 771 3207 tres
789 3149 853 3207 sive
873 3166 938 3207 eem
955 3155 1072 3224 partem
1096 3146 1236 3220 eontinet,

113 3275 173 3335 que
191 3264 257 3315 ooto
275 3255 386 3332 priores
404 3256 495 3314 Plinii
512 3256 580 3315 lieri
597 3258 747 3331 usquead
765 3252 869 3326 5145.
892 3265 961 3316 sunt
979 3255 1123 3332 exoerpti,
1150 3272 1237 3331 pree·

11 3441 15 3453 .
112 3364 202 3423 misse
221 3368 319 3422 vetere
337 3362 427 3422 Plinii
446 3364 508 3421 vite
529 3358 576 3442 (in
589 3364 659 3423 edit.
673 3361 791 3441 Bipont.
806 3364 846 3424 T.
860 3365 886 3425 Ι.
900 3384 931 3441 p.
945 3356 1032 3443 XL),
1053 3362 1238 3440 praefatione

112 3469 236 3530 Roberti
252 3470 291 3529 ed
303 3468 465 3530 Hemieum
478 3468 520 3528 11.
540 3449 639 3546 regem
657 3489 758 3544 menn,
781 3482 816 3533 nt
835 3473 961 3545 videtur,
980 3473 1090 3532 seeenli
1108 3469 1245 3532 ΧῩΠΙ.Ι

113 3584 243 3652 exorate,
265 3578 392 3654 deniqne
412 3578 562 3654 prooemio
580 3580 619 3638 ed
639 3579 788 3653 lectorem,
809 3582 858 3641 oui
871 3581 945 3643 haee
958 3582 1049 3642 verbe
1062 3580 1237 3659 gravissime

112 3688 221 3748 inserte
238 3688 394 3764 legunturz
420 3683 524 3757 „Nihil
543 3686 716 3747 omninode
734 3707 801 3749 meo
819 3689 985 3767 interpono,
1013 3689 1066 3749 sed
1085 3690 1237 3766 integrum

113 3796 290 3870 quandoque
308 3793 471 3872 oepitnlnm
490 3793 672 3872 integremve
691 3798 863 3858 sententiam
881 3800 919 3858 de
936 3799 1025 3865 rebus
1046 3814 1120 3873 ques
1132 3797 1166 3857 in
1179 3815 1237 3857 no·

147 3965 175 4031 *l
192 3969 288 4020 Postee
304 3968 414 4032 cognovi
437 3966 513 4018 etiem
529 3969 723 4035 Deleoempium
740 3970 808 4021 hene
825 3970 954 4036 epitomen
970 3961 1118 4036 inspexisse,
1141 3970 1186 4035 qui
1203 3972 1237 4022 ed

114 4053 138 4112 t,
149 4052 224 4125 ²⁰2⁵
236 4057 277 4103 85.
294 4058 425 4115 temqnem
442 4066 457 4102 e
473 4053 503 4102 M
520 4049 563 4115 (r),
574 4053 664 4104 laudm
679 4053 756 4104 verbe
772 4053 827 4104 osee
843 4095 876 4104 ..
895 4062 991 4118 notare,
1009 4068 1089 4119 eaque
1106 4054 1163 4106 sole
1184 4055 1236 4105 hoo

113 4134 197 4200 eapite
214 4141 327 4198 exstem,
344 4135 409 4186 heeo
425 4148 485 4187 vero
503 4135 622 4198 leguntur
638 4138 708 4202 opud
724 4137 872 4188 Robertum.
890 4136 966 4189 Adde
980 4141 1003 4201 7,
1017 4144 1073 4190 lto.
1087 4141 1145 4191 rot.
