2714 4710
152 272 214 335 238
503 287 707 335 sanamus
728 287 924 336 n1sron1sn

128 422 277 506 ¹sortium
297 436 453 522 Polybius
474 425 630 525 appenni,
656 436 885 503 Eratosthenes
911 446 1018 501 autam
1044 434 1128 501 inter
1154 437 1273 502 ostium

151 541 264 609 occani
285 551 319 605 et
339 537 521 604 Sardiniam
546 539 704 623 quidquid
725 548 792 617 est,
820 535 996 615 Sardoum
1024 536 1100 602 inde
1122 538 1165 601 ad
1189 535 1272 604 Sici-

151 642 229 707 liam
256 640 455 726 Tyrrenum,
494 638 535 704 ab
565 639 627 704 hac
659 636 792 705 Cretam
821 659 927 721 usque
960 634 1125 716 Siculum,
1157 638 1202 704 ab
1235 661 1274 703 ca

154 739 330 808 Creticum.
1082 764 1085 775 ·

197 844 248 908 ll.
271 841 399 907 Insulae
412 863 472 926 per
484 839 565 906 haec
577 840 679 906 maria
692 841 815 926 primae
829 838 971 905 omnium
980 838 1156 924 Pityussae
1167 837 1272 909 Grae-
1285 860 1313 905 ro

151 942 199 1008 oia
219 943 326 1007 dictae
347 965 367 1006 a
389 941 504 1006 frutice
524 940 637 1027 pineo;
659 963 744 1005 nunc
758 940 890 1005 Ebusus
906 951 1040 1006 vocatur
1054 951 1205 1026 utraque,
1225 943 1272 1007 oi-

151 1042 252 1108 vitate
266 1042 440 1120 foederata,
462 1050 598 1126 angusto
612 1040 695 1106 freto
708 1039 921 1106 interfluente.
949 1039 1068 1107 Patent
1080 1060 1173 1106 xm
1186 1059 1215 1106 Μ
1227 1064 1271 1127 p.,

150 1143 268 1209 absunt
293 1166 314 1208 a
339 1142 459 1208 Dianio
485 1140 697 1228 septingentis
724 1140 853 1220 stadiis,
882 1140 1194 1209 totidem-Dianium
1213 1165 1273 1228 per

135 1243 366 1315 ‚continentem
392 1265 412 1308 a
437 1240 634 1328 Carthagine
660 1263 759 1318 nova3
788 1240 976 1306 tantumdem
1001 1264 1023 1305 a
1048 1241 1220 1328 Pityuasia,
1237 1244 1271 1307 in

150 1346 251 1411 altum
271 1344 418 1410 Baliares
440 1343 523 1408 duae
546 1353 579 1406 et
600 1338 777 1406 Sucronem
798 1362 911 1407 versus
931 1339 1134 1408 Colubraria.
1164 1341 1271 1409 Balia-
1285 1361 1313 1408 77

150 1467 204 1510 rea
231 1445 332 1509 hmda
357 1443 523 1509 bellicosas
545 1440 664 1507 Gracci
687 1439 882 1525 Gymnasias
907 1441 1030 1507 dixere.
1067 1441 1177 1509 Maior
1195 1466 1271 1510 can·

152 1556 222 1611 tum
242 1546 309 1610 mil.
331 1565 486 1631 passuum
505 1552 556 1608 est
575 1539 786 1628 longitudine,
808 1541 946 1607 circuitu
960 1565 1038 1628 vero
1051 1564 1225 1610 coocrm
1236 1568 1271 1609 u.

152 1644 286 1734 Oppida
318 1645 417 1711 habet
448 1643 565 1709 civium
595 1641 812 1707 Romanorum
839 1640 983 1709 Palmam
1011 1654 1044 1708 et
1069 1643 1273 1723 Pollentiam,

151 1747 271 1812 [autina
297 1744 429 1812 Cinium
455 1753 490 1810 et
513 1741 646 1818 Tucim,
679 1751 713 1807 ct
744 1742 945 1809 foederatum
970 1742 1173 1810 Bocchorum
1201 1745 1271 1810 fuit.

151 1848 206 1912 Ab
233 1871 273 1913 ea
298 1870 371 1911 xxx
396 1869 421 1909 u
447 1868 479 1931 p.
507 1843 606 1908 distat
629 1842 749 1920 minor,
778 1843 980 1930 longitudine
1005 1868 1050 1909 xa
1073 1869 1111 1924 u,
1137 1845 1274 1912 circuitu

150 1967 190 2010 cr.
211 1970 236 2010 u
257 1969 310 2032 p.;
339 1944 483 2010 civitates
511 1943 608 2008 habet
629 1942 829 2022 Iumnoncm,
861 1943 1062 2023 Saniseram,
1088 1944 1273 2034 Magonem.

151 2044 186 2111 A
206 2047 324 2111 maiore
351 2068 400 2108 xn
421 2067 446 2107 n
466 2066 499 2128 p.
526 2042 561 2105 in
587 2041 689 2107 altum
715 2043 808 2108 abest
834 2041 989 2130 Capraria
1013 2045 1167 2112 insidiosa
1189 2069 1273 2112 nau·
1287 2068 1315 2113 m

152 2147 283 2235 fragiis,
314 2159 347 2212 ct
372 2169 391 2211 c
417 2144 549 2232 regione
571 2141 701 2209 Palmae
727 2144 817 2210 urbis
836 2143 1023 2212 Maenariae
1048 2170 1088 2214 ac
1108 2147 1274 2234 Tiquadra

152 2260 187 2316 et
199 2272 301 2336 parva
315 2246 518 2313 Hannibalis.
547 2245 651 2310 Ebusi
665 2257 750 2310 terra
764 2247 923 2333 serpentis
937 2248 1041 2336 fugat,
1065 2247 1273 2318 Colubrariae

152 2352 253 2440 parit,
275 2351 348 2417 ideo
369 2350 488 2415 infesta
508 2347 655 2413 omnibus
675 2346 738 2411 nisi
759 2346 971 2414 Ebusitanam
993 2361 1112 2416 terram
1133 2351 1272 2419 inferen-

156 2454 259 2530 tibus;
283 2449 400 2518 Graeci
422 2448 620 2536 Ophiussam
642 2447 763 2513 dixere.
795 2446 864 2514 Nec
886 2450 1048 2516 cuniculos
1069 2451 1203 2518 Ebusus
1223 2453 1273 2542 gi·

187 2621 313 2685 Polybius,
326 2622 356 2669 T.
369 2620 402 2668 V.
414 2635 440 2682 p.
450 2624 490 2667 46.
503 2617 586 2668 Schw.
600 2658 630 2665 ..
648 2615 835 2676 Eratosthenes,
847 2633 872 2682 p.
885 2626 926 2670 80.
937 2621 1033 2671 Bernh.
1046 2664 1077 2671 -
1098 2623 1245 2690 Sardiniae,
1257 2629 1272 2675 d

154 2688 222 2751 (niae
234 2704 267 2737 ex
279 2685 356 2747 corr.)
376 2726 407 2733 ..
425 2687 455 2735 ab
469 2683 522 2744 iac,
535 2685 585 2734 Rs
603 2687 634 2733 ab
647 2681 702 2745 iae,
714 2685 763 2732 R¹.
782 2682 819 2732 ad
830 2684 896 2748 iaec,
909 2701 933 2735 a.
953 2729 984 2736 -
1003 2699 1101 2751 cemma,
1113 2704 1137 2741 σ.

187 2759 203 2819 ς
222 2759 261 2805 76.
283 2752 400 2811 Pitiaase,
411 2753 443 2801 R.
463 2751 578 2815 paraisse,
591 2754 614 2800 d.
631 2752 774 2814 Exscripsit
789 2753 854 2802 haec
864 2755 982 2804 Martian.
995 2761 1019 2816 6,
1033 2763 1091 2807 643.
1111 2799 1143 2808 ..
1162 2755 1274 2818 θναωίι,

154 2825 207 2875 Rd.
226 2839 243 2870 a
257 2817 368 2880 Graecia,
380 2815 430 2883 βγ.
448 2819 507 2868 vid.
520 2821 552 2868 ad
564 2825 605 2878 32,
618 2824 658 2867 ts.
677 2858 708 2866 -
727 2817 834 2881 XLVI,
845 2814 958 2870 ROTd.
977 2821 1071 2884 XLII,
1086 2820 1116 2886 β.
1134 2866 1165 2875 -
1183 2829 1225 2887 ab,
1242 2829 1273 2878 R.

155 2891 196 2951 nd,
209 2893 232 2940 d.
252 2931 283 2939 ..
301 2887 401 2946 Dianio,
418 2888 522 2937 Barbar.
543 2885 651 2946 Diania,
667 2887 698 2936 R
721 2885 815 2946 Diana,
832 2900 855 2935 a.
877 2885 1005 2951 Dianium,
1022 2893 1047 2941 d.
1065 2929 1099 2942 -
1117 2892 1273 2959 εοριίηςαιειζς,

154 2960 257 3008 Barbar.
275 2954 367 3016 LXX,
379 2970 403 3004 a.
422 2953 618 3018 septingentis..
634 2950 755 3001 Dianium
772 2954 854 3002 omitt.
871 2956 955 3006 RTd.
975 2998 1006 3005 -
1025 2967 1060 3008 aa
1076 2958 1227 3020 sanandam,
1245 2953 1272 3010 θ.

156 3068 186 3075 -
206 3043 222 3073 a
233 3024 360 3090 Pitynacis
372 3023 397 3070 in
409 3021 485 3072 altam
496 3023 577 3070 omitt.
590 3022 642 3070 Td.
661 3023 692 3070 In
702 3022 742 3070 R¹
755 3028 793 3069 est
803 3037 896 3071 rasura.
915 3040 933 3071 a
941 3024 1062 3088 pitancia,
1075 3029 1127 3077 R².=
1138 3069 1170 3076 ,,
1182 3025 1274 3078 Balla.

156 3109 203 3154 res,
215 3094 251 3142 ita
262 3108 309 3142 nos
326 3091 478 3153 scripsimus.
496 3087 617 3148 daliarea,
629 3090 653 3136 d.
673 3087 750 3149 balea,
761 3089 810 3139 3².
828 3086 957 3151 Baleares,
968 3086 1019 3156 βγ.
1037 3094 1068 3142 In
1077 3094 1119 3143 12¹
1136 3111 1230 3145 rasura.
1242 3135 1272 3145 .-

154 3161 227 3219 cluas,
239 3160 327 3207 R¹d¹.
1258 3168 1261 3179 '

189 3225 203 3283 ξ
219 3230 257 3274 77.
279 3222 429 3285 Gymnesiae,
446 3237 470 3272 σ.
490 3264 520 3271 -
540 3232 582 3281 eat,
594 3219 778 3284 Rada(codd.
790 3220 879 3281 Rem.)
897 3225 955 3275 Om.
967 3222 996 3287 β.
1016 3242 1047 3275 “-
1069 3224 1243 3281 CCGCLXX
1247 3229 1273 3290 V,

156 3293 180 3341 R
188 3285 236 3339 dd.
259 3287 399 3340 OCCCLX
404 3290 433 3349 V,
445 3292 475 3339 T.
496 3286 644 3340 CCCLXX
649 3289 677 3350 V,
693 3304 718 3353 γ.
739 3285 924 3352 CCCLXXX,
939 3287 968 3353 β.
988 3334 1020 3342 ..
1035 3292 1160 3358 Palmam,
1172 3298 1272 3347 Barbar.

154 3360 208 3408 Rd.
226 3355 352 3415 Palmam,
364 3371 388 3405 a.
407 3397 438 3404 ..
456 3356 597 3417 Polcntiam,
609 3358 641 3406 R.
654 3397 686 3404 .-
704 3352 858 3418 Latinorum,
870 3360 923 3408 Ka
938 3400 969 3408 ..
990 3358 1090 3422 Cinium,
1102 3362 1156 3413 Rd.
1176 3360 1273 3422 Civium,

157 3427 235 3476 ΤΚσ
249 3422 333 3486 (codd.
351 3425 455 3473 Barbari
469 3432 496 3472 et
512 3425 607 3486 Rigalt.
625 3438 664 3486 ap.
682 3423 788 3474 Salmas.
805 3439 887 3474 exerc.
904 3441 929 3489 p.
950 3433 1006 3477 199.
1024 3444 1048 3477 a.
1065 3427 1109 3491 C.)
1128 3471 1160 3478 -
1183 3428 1274 3490 Tucim,

156 3493 252 3542 RTad
268 3488 388 3553 (Rigalt.)
416 3489 509 3551 Tacini,
525 3506 548 3539 σ.
575 3488 698 3550 Tusciam,
714 3491 747 3539 K.
772 3487 864 3552 cunici,
880 3487 908 3552 β.
927 3533 959 3542 -
977 3502 1008 3556 at,
1025 3496 1079 3545 Rd.
1099 3493 1175 3560 quod,
1190 3498 1225 3547 K.
1245 3537 1273 3546 .-

156 3558 315 3620 Boccioram,
326 3560 379 3609 Kd.
401 3558 560 3618 Hoocioram,
572 3559 597 3606 R
609 3554 730 3618 (Rigalt.)
749 3555 848 3616 Bociri,
866 3559 954 3609 Gelon.
966 3557 995 3621 β.
1013 3563 1072 3611 Vid.
1084 3563 1175 3612 Uhert.
1188 3579 1274 3627 geogr.

156 3635 204 3676 vet.
221 3629 255 3677 11.
273 3633 295 3687 1,
313 3630 371 3676 467.
390 3666 422 3673 -
440 3623 501 3685 XL,
518 3618 595 3673 θΤᾱ.
618 3623 679 3684 LX,
696 3619 754 3684 Ββ,
773 3664 804 3673 ..
827 3622 973 3688 Iomanem,
988 3630 1037 3678 via.
1054 3631 1126 3680 Mela
1140 3631 1176 3680 11.
1197 3635 1219 3694 ⁷,
1237 3637 1273 3681 so.

157 3692 309 3754 Hannonem,
325 3688 353 3741 θ.
371 3691 503 3752 Labonem,
515 3692 617 3740 RTda.
634 3688 785 3752 Lamnonem,
797 3693 830 3742 Κ.
849 3734 880 3741 -
900 3692 1056 3756 Saniaeram,
1068 3697 1116 3746 Re
1125 3693 1215 3759 (codd
1227 3698 1274 3749 Ge·

157 3760 221 3820 len.)
240 3759 384 3821 Sanistram,
397 3761 451 3810 Td.
470 3800 501 3808 -
521 3756 657 3821 Magonem,
669 3759 741 3808 Rda.
760 3757 891 3821 Labentem,
907 3755 935 3810 θ.

192 3826 207 3887 ξ
221 3831 260 3878 78.
278 3827 366 3888 XIII,
379 3829 452 3876 codd.
464 3828 540 3876 Rcaa.
554 3866 585 3874 -
603 3824 715 3886 Palmae,
726 3826 829 3875 Barbar.
841 3829 894 3877 Rd.
912 3827 1028 3891 Palmae,
1039 3843 1064 3879 a.
1078 3871 1110 3880 ..
1133 3830 1274 3896 Tiquadra,

158 3896 204 3943 da.
227 3892 379 3957 Tripoadra,
396 3896 445 3943 R2.
467 3890 542 3957 tiqdr,
558 3892 611 3942 R¹.
635 3890 757 3956 Tiqaara,
773 3895 807 3944 K.
830 3936 861 3943 -
881 3912 975 3958 parva,
991 3899 1037 3947 Rd
1053 3895 1141 3959 (codd.
1157 3897 1274 3961 Barbar.)

155 3960 252 4022 patria,
264 3963 317 4010 Ka.
335 3964 366 4011 Id
382 3962 502 4023 arripiens
517 3975 532 4010 e
548 3962 661 4025 sequenti
677 3961 781 4011 nominc
795 3961 856 4012 fecit
872 3961 988 4014 Indibilis
999 3965 1093 4015 Sabell.
1112 4005 1146 4016 ..
1163 3964 1274 4026 Etenna,

160 4026 192 4074 R.
216 4029 275 4076 Vid.
293 4029 372 4078 Solin.
391 4034 431 4087 23,
451 4034 490 4077 ll.
509 4069 540 4077 ..
556 4029 637 4092 parit,
653 4030 701 4078 R2.
722 4039 808 4093 parat,
824 4029 897 4080 R¹d.
921 4071 952 4080 ..
974 4031 1133 4083 Ebaadmnam
1150 4073 1182 4083 -
1198 4033 1276 4102 qipnit

161 4105 212 4139 om.
224 4093 277 4143 R¹.
287 4084 327 4143 ζ
346 4093 510 4156 inserentibus,
528 4099 584 4146 cod.
596 4098 672 4146 Rem.
691 4137 722 4144 -
740 4093 800 4158 Nec,
812 4098 879 4146 Rad
891 4095 976 4158 (codd.
988 4099 1101 4160 Barbari,
1113 4100 1218 4151 Barber.
1229 4099 1275 4163 Π.)

160 4158 314 4273 3Ξηὶἓ.1Ττ.
339 4202 370 4209 ..
392 4158 548 4223 Baliarium,
564 4165 596 4212 R.
623 4161 781 4224 Rammium,
798 4160 867 4227 ἁβγ.
900 4163 1097 4228 Brasaacoram,
1118 4184 1139 4218 r.
1161 4209 1194 4218 -
1217 4184 1276 4220 Μ-
1340 4235 1343 4243 Ι
