2714 4710
154 278 196 341 30
501 290 705 336 uarunanls
728 290 923 338 msronmn

152 447 257 536 gestio
277 445 418 531 piscium
437 445 470 507 in
492 443 612 531 figuras
633 443 784 526 corporis.
807 441 1028 506 Rhomborum
1051 454 1084 506 et
1105 465 1273 527 passerum

153 547 335 612 differentia
343 551 377 611 2⁸.
400 545 453 611 De
468 546 572 632 longis
588 545 777 629 piscibusffl.
800 543 853 609 De
874 545 1011 629 piscium
1030 545 1138 629 pinnis
1160 558 1193 611 et
1213 571 1272 612 na-

154 649 278 714 tandi²⁶
299 650 429 713 ratione.
452 646 634 734 Anguillae.
663 645 829 711 Murenae.
858 645 1032 710 Planorum
1053 647 1189 731 piscium
1211 671 1271 736 ge-

153 772 241 815 nera.
281 749 475 814 licheneis26
505 758 538 812 et
567 747 721 812 veneficia
749 747 861 812 eius⁹⁷.
904 745 970 829 Qui
998 748 1105 832 pisces
1134 750 1273 814 colorem

152 862 285 915 mutent.
308 850 361 914 Dc
375 849 556 914 hirundine.
579 847 632 912 De
654 849 744 933 pisce
766 848 821 933 qui
843 847 990 913 noctibus
1011 849 1107 914 lucet.
1130 848 1184 914 De
1199 872 1271 915 cor·

150 962 240 1017 nuto.
263 950 316 1015 De
339 952 476 1015 dracone
498 951 629 1014 marino.
660 950 714 1014 De
735 949 878 1034 piscibus
900 950 1055 1036 sanguine
1077 951 1270 1017 carentibus.

154 1050 222 1133 Qui
236 1053 373 1138 piscium
388 1053 500 1118 molles
514 1053 725 1137 appellentur.
753 1051 806 1115 De
821 1050 938 1136 saepia.
970 1049 1036 1131 Qui
1051 1063 1143 1117 extra
1156 1075 1272 1136 aquam

151 1156 285 1222 volitent
293 1162 331 1219 ²⁸.
343 1155 397 1219 De
409 1155 561 1241 lolligine.
573 1153 846 1239 Depectuncnlis.
859 1152 912 1218 De
926 1154 1064 1239 polypis.
1076 1153 1270 1242 Donaviga·

152 1268 220 1323 tore
231 1258 363 1343 polypo.
380 1256 433 1320 De
444 1256 633 1342 navigatore
645 1256 784 1340 nauplio,
798 1252 1047 1321 Crustaintecti.
1062 1254 1115 1320 De
1125 1257 1269 1322 locustis.

151 1356 347 1423 Cancrorum
359 1380 486 1445 genera.
497 1357 551 1420 De
562 1357 749 1441 pinnothere
759 1361 793 1421 ²⁹.
807 1356 861 1422 De
873 1358 1003 1423 echinis.
1014 1357 1068 1423 De
1078 1358 1204 1423 cocleis.
1216 1357 1270 1422 De

91 1511 95 1519 .
149 1460 341 1545 pectinibus.
362 1456 565 1523 Concharum
576 1481 696 1545 genera
705 1461 738 1522 ³⁰.
759 1457 889 1538 Quanta
899 1460 1045 1524 luxuriae
1055 1459 1189 1524 materia
1199 1483 1268 1524 ma·

149 1562 231 1626 risit
239 1565 273 1625 ³¹.
293 1561 347 1625 De
357 1561 548 1647 margaritis.
569 1558 739 1639 Quomodo
750 1571 922 1631 nascantur
930 1563 955 1602 ³²
967 1571 1000 1625 et
1009 1561 1075 1626 ubi.
1096 1560 1268 1641 Quomodo

150 1663 354 1728 inveniantur
363 1666 398 1726 ³³.
418 1661 511 1742 Quae
528 1684 647 1749 genera
663 1663 826 1726 unionum.
843 1659 936 1742 Quae
947 1662 1190 1727 observandain
1207 1663 1266 1728 his.

149 1763 243 1844 Quae
264 1774 379 1828 natura
401 1785 519 1827 eorum.
545 1762 704 1847 Exempla
726 1763 811 1827 circa
832 1784 897 1827 eos.
923 1761 1060 1842 Quando
1082 1764 1221 1848 primum
1234 1764 1268 1829 in

149 1887 244 1930 usum
255 1863 435 1928 venerint34
446 1863 577 1927 Romae.
592 1862 756 1927 Muricum
767 1874 909 1928 naturae.
926 1863 978 1928 De
989 1865 1150 1951 purpuris.
1175 1864 1268 1945 Quae

149 1966 293 2029 nationes
303 1985 464 2050 purpurae
475 1970 512 2027 ³5.
527 1963 696 2044 Quomodo
705 1987 745 2028 ex
755 1964 805 2028 his
815 1965 907 2031 lanae
920 1965 1114 2052 tinguantur.
1127 1964 1268 2047 Quando

149 2087 311 2152 purpurae
333 2087 411 2129 usus
432 2064 568 2141 Romae,
600 2066 728 2148 quando
749 2065 806 2129 lati
828 2066 909 2130 clavi
932 2077 965 2130 et
985 2077 1180 2152 praetextae.
1213 2066 1267 2132 De

150 2167 358 2250 conchyliatis
384 2164 538 2230 vestibus.
572 2165 626 2229 De
653 2167 832 2250 amethysto
860 2168 1045 2255 tinguendo.
1079 2168 1131 2232 De
1154 2166 1265 2252 Tyrio.

148 2268 201 2335 De
222 2268 360 2355 hysgino
369 2269 404 2331 36.
426 2265 479 2330 De
495 2287 600 2330 cocco.
623 2265 676 2330 De
698 2267 797 2351 pinna
819 2278 852 2332 et
872 2269 1070 2353 pinnothere.
1092 2268 1146 2333 De
1168 2291 1266 2334 sensu

148 2372 343 2456 aquatilium.
362 2367 521 2454 Torpedo‚
534 2369 707 2454 pastinaca,
720 2370 959 2454 scolopendrae,
971 2371 1085 2458 glanis.
1102 2370 1155 2435 De
1166 2371 1266 2437 ariete

148 2473 247 2558 pisce.
280 2471 333 2535 De
362 2471 412 2535 his
441 2493 523 2553 quae
552 2471 678 2534 tertiam
706 2480 852 2534 naturam
878 2470 997 2536 habent
1022 2471 1205 2537 animalium
1232 2482 1266 2538 et

148 2574 310 2636 fruticum.
344 2570 397 2635 De
418 2572 540 2635 urticis.
577 2571 630 2636 De
653 2572 821 2658 spongeis3
856 2593 939 2655 quae
960 2595 1080 2660 genera
1101 2596 1211 2639 earum
1232 2585 1265 2640 et

147 2673 203 2738 ubi
224 2682 412 2749 nascantur3
441 2672 557 2737 animal
579 2695 650 2737 esse
673 2695 736 2737 eas.
767 2672 821 2737 De
843 2675 1004 2738 caniculis.
1035 2673 1088 2740 De
1109 2675 1160 2740 hi·
1182 2698 1265 2760 qnae

150 2775 258 2840 silicea
285 2776 400 2838 testa³⁷
429 2772 601 2838 cluduntur
609 2777 643 2838 ³⁸.
678 2773 772 2854 Quae
800 2775 868 2839 sine
896 2798 993 2841 sensu
1019 2777 1084 2842 ullo
1110 2777 1144 2840 in
1171 2777 1262 2842 mari.

147 2876 200 2942 De
221 2876 352 2959 reliquis
376 2875 517 2940 sordium
538 2875 735 2940 animalibus.
772 2875 826 2941 De
847 2877 1012 2941 venenatis
1025 2877 1172 2943 marinis.
1209 2877 1264 2944 De

146 2980 265 3045 morbis
281 2979 427 3064 piscium.
448 2977 502 3042 De
512 2978 717 3065 generatione
734 3000 853 3043 eorum.
873 2975 960 3042 Mira
975 2979 1219 3066 generationum
1226 2982 1263 3045 ⁸⁹.

149 3080 216 3163 Qui
241 3084 326 3147 intra
353 3104 387 3147 se
416 3084 481 3146 et4⁰
503 3104 564 3146 ova
584 3081 710 3167 pariant
732 3092 765 3146 et
785 3081 910 3145 animal.
945 3078 1092 3161 Quorum
1112 3080 1145 3146 in
1166 3092 1264 3167 partu

148 3193 315 3269 rumpatur
329 3192 451 3259 venter,
479 3184 554 3247 dein
570 3194 670 3248 coeat.
709 3181 774 3262 Qui
796 3183 906 3248 volvas
927 3183 1074 3248 habeant.
1111 3180 1179 3263 Qui
1199 3184 1264 3270 ipsi

180 3431 221 3474 23.
234 3423 435 3474 Rhomborum..
446 3422 584 3500 differentia
595 3421 661 3470 infra
672 3437 739 3484 pons
745 3425 846 3487 praciam
858 3442 947 3490 penora
961 3425 1150 3476 collocantur.
1167 3431 1209 3475 24.
1220 3426 1263 3476 Dc

146 3493 209 3559 1999
200 3511 220 3541 ss
237 3492 342 3556 piscibus
363 3503 431 3552 pone
451 3490 542 3538 ratione
562 3489 690 3537 collocant
709 3492 761 3539 Ra.
797 3497 838 3540 25
857 3492 966 3553 metandi,
983 3508 1005 3541 a.
1042 3500 1082 3543 26.
1096 3494 1212 3553 echireus
1228 3495 1261 3543 Τ.

146 3561 245 3621 echinis,
262 3561 314 3609 Rd.
332 3576 361 3607 ex
378 3554 445 3616 binis,
458 3571 481 3604 a.
517 3560 558 3605 27.
576 3556 748 3620 arsamosata,
761 3573 784 3606 a.
797 3559 916 3622 etfeltuue
929 3561 999 3621 erius,
1011 3562 1043 3610 R.
1056 3561 1222 3625 erfemarius,
1234 3563 1260 3610 (1.

146 3597 274 3693 eteffecbrs
286 3627 342 3686 eius
355 3627 379 3675 R
392 3626 423 3672 ad
435 3637 583 3685 marginem
602 3623 745 3674 OmittitT.
781 3632 821 3675 28.
843 3624 892 3683 Qus
901 3637 971 3678 entra
987 3628 1188 3691 aquamvolitcat,
1206 3629 1260 3678 Td.

149 3696 197 3753 Qut
208 3696 283 3745 volent
294 3702 363 3743 extra
375 3707 471 3753 aquam
482 3692 533 3751 Ra,
546 3706 590 3752 qur
602 3706 670 3753 pono
678 3693 822 3756 pectaacalrs
834 3695 971 3744 collocant
1007 3701 1047 3745 29.
1066 3695 1106 3745 De
1114 3696 1262 3760 psnnotlrere,

145 3764 298 3814 Harduinus.
316 3761 356 3809 Dc
365 3759 512 3824 manethera
529 3761 580 3809 Td.
600 3760 727 3808 Omittunt
742 3763 793 3810 Ra
829 3767 869 3810 30.
882 3763 922 3811 Dc
935 3763 1061 3813 ecbinir-
1027 3780 1166 3828 -9enero‚
1184 3762 1261 3812 omit-

145 3839 202 3881 tunt
213 3832 264 3879 Ra
300 3834 341 3876 31.
354 3844 416 3876 mart
428 3828 464 3887 stt
477 3827 586 3877 Radia
597 3845 660 3877 marr
657 3828 751 3889 sttT
787 3835 828 3877 32.
841 3839 975 3892 nascantur,
987 3847 1010 3879 a.
1046 3836 1087 3879 33
1103 3830 1260 3893 inveniuntur,

145 3900 235 3949 Radr.
271 3901 312 3944 34.
325 3912 403 3944 rausa
416 3904 531 3956 venerunt
540 3898 591 3946 Ra.
627 3902 668 3944 35.
684 3893 752 3952 Quae
761 3897 866 3945 rabones
872 3914 995 3961 purpurae
1006 3912 1074 3961 pono
1086 3899 1189 3948 nestabus
1204 3898 1260 3946 col-

144 3967 232 4015 locant
247 3964 348 4014 RTad.
366 3963 517 4012 Emendavit
532 3964 686 4014 Harduinus.
721 3969 761 4013 36.
779 3965 883 4029 melyro,
901 3966 932 4013 Τ.
953 3967 1046 4032 ((1999,
1068 3967 1121 4016 Rd.
1138 3983 1217 4032 scyno,
1234 3981 1260 4016 a.

145 4037 186 4083 37.
199 4032 409 4091 siliceamtestam,
421 4032 471 4080 Ra.
499 4036 539 4080 38.
552 4031 684 4093 cluduntur,
696 4032 748 4080 Td.
767 4031 899 4093 eludantur,
911 4035 963 4082 aa.
991 4038 1032 4082 39.
1045 4032 1116 4083 Μῖνα
1126 4035 1260 4113 generatio-

144 4117 207 4160 num,
223 4101 301 4149 RTa.
319 4067 460 4148 Omittitd.
497 4104 537 4148 40.
556 4108 583 4160 ct,
595 4101 626 4148 R.
640 4069 768 4149 omittunt
784 4101 835 4148 Td.
853 4100 884 4148 In
902 4115 917 4148 a
933 4100 1032 4149 lacuna.
1069 4106 1110 4150 41.
1122 4101 1259 4182 ipsiaalb

143 4169 209 4233 ipsis,
222 4169 273 4218 Td.
285 4165 343 4215 Hoc
354 4167 448 4215 lemma
460 4166 588 4215 omittrta
624 4172 664 4215 42.
681 4164 741 4223 Quas
750 4183 842 4231 pamas
855 4168 994 4217 υἰυανία-
960 4185 1100 4232 pactum
1112 4185 1212 4218 varano
1222 4185 1260 4218 m
