2714 4710
469 336 474 347 .
574 296 683 344 mann
704 299 727 345 1.
1167 284 1209 345 29

87 450 152 528 sio,
184 447 372 534 Euphronio
397 447 581 527 Athenaeo,
609 449 754 538 Hegesia
778 448 949 529 Maroneo,
979 448 1167 515 Menandris
1181 458 1209 493 ³³⁴

87 551 299 616 Prienaeo'et
312 549 517 629 Heracleote,
541 548 728 615 Menecrate
742 561 849 637 poeta,
872 550 1072 615 Androtione
1095 552 1149 635 qui
1168 552 1210 616 de

87 651 287 741 agricultura
314 651 457 736 scripsit,
494 651 693 715 Aeschrione
721 650 776 734 qui
803 653 895 729 item,
932 650 1129 737 Lysimacho
1156 653 1210 735 qui

86 755 168 818 item
177 759 220 831 ³⁹,
242 752 402 836 Dionysio
424 752 480 836 qui
501 750 676 838 Magonem
699 752 874 830 transtulit,
897 752 1071 838 Diophane
1093 755 1148 836 qui
1171 776 1211 818 ex

88 854 250 936 Dionysio
273 853 435 938 epitomen
446 859 474 895 ⁴⁰
496 853 584 929 fecit,
607 851 767 920 Archelao
789 876 877 942 rege,
900 853 1072 919 Nicandro.

355 1024 505 1099 LIBRO
533 1024 595 1099 IX.
626 1024 947 1101 GONTINETUR

88 1157 293 1241 Aquatihum
312 1166 426 1220 natura
432 1181 441 1233 ;
466 1164 583 1239 quare¹
603 1160 754 1221 maxuma
771 1158 804 1222 in
824 1157 904 1221 mari
924 1157 1081 1222 animalia.
1107 1157 1211 1224 Indici

88 1259 187 1323 maris
209 1258 333 1323 beluae.
368 1254 461 1338 Quae
482 1257 516 1320 in
538 1266 688 1341 quoque²
709 1280 828 1324 oceano
848 1281 1028 1323 maxumae.
1062 1257 1115 1323 De
1137 1257 1211 1324 Tri·

91 1372 204 1424 tonum
234 1369 270 1423 et
295 1357 471 1422 Nereidum
502 1357 624 1445 figuris.
661 1358 715 1424 De
748 1360 990 1446 elephantorum
1018 1361 1212 1424 marinorum

89 1462 217 1550 figuris.
239 1459 293 1525 De
309 1459 449 1525 balaenis
458 1464 479 1522 ³.
502 1458 555 1524 De
570 1461 653 1524 oreis
663 1468 684 1525 ⁴.
706 1461 762 1525 An
785 1464 907 1547 spirent
928 1465 1050 1548 pisces3
1074 1484 1114 1524 an
1137 1461 1213 1524 dor-

89 1563 201 1627 miant.
224 1560 277 1625 De
296 1560 471 1644 delphinis3
495 1582 576 1644 quos
597 1563 791 1639 amaverint3
814 1562 930 1645 quibus
951 1564 986 1627 in
1006 1562 1086 1627 locis
1109 1563 1213 1627 socie·

92 1672 158 1728 tate
190 1685 264 1727 cum
292 1661 475 1727 homiuibus
501 1661 702 1746 piscentur53
733 1668 837 1744 quaeG
858 1663 920 1727 alia
941 1662 1026 1727 circa
1041 1678 1102 1725 ‘eos
1123 1664 1214 1727 mira.

92 1764 147 1830 De
172 1763 368 1828 tussionibus
381 1770 400 1827 ⁷.
434 1761 488 1827 De
517 1763 730 1828 testudinibus
737 1789 746 1841 3
780 1786 862 1846 quae
883 1785 1004 1850 genera
1029 1763 1216 1846 aquatilium

94 1865 316 1930 testudinum⁸
338 1874 370 1928 et
390 1864 552 1948 quomodo
573 1864 739 1949 capiantur
745 1890 754 1942 3
776 1866 847 1948 quis
861 1866 1006 1951 primus⁰
1022 1865 1215 1930 testudinem

93 1989 203 2032 secare
225 1965 409 2030 instituerit.
433 1965 584 2052 Digestio
598 1971 621 2008 ¹0
643 1966 830 2049 aquatilium
850 1989 909 2052 per
931 1965 1065 2051 species.
1087 1964 1141 2030 De
1163 1965 1214 2030 vi·

94 2069 171 2134 tulis
196 2066 327 2131 marinis
355 2067 422 2130 sive
449 2066 562 2151 phocis
575 2073 608 2130 ¹¹.
643 2064 736 2148 Quae
758 2067 824 2153 pilo
847 2077 977 2133 careant
999 2060 1032 2132 et
1053 2067 1214 2150 quomodo

93 2169 229 2255 pariant.
254 2166 344 2248 Quot
357 2190 478 2254 genera
490 2166 637 2253 piscium.
662 2165 726 2249 Qui
741 2169 882 2233 maxumi
896 2169 1013 2254 pisces.
1036 2166 1165 2252 Thynni
1178 2175 1213 2246 ¹²,

94 2271 257 2355 cordylae‚
272 2269 459 2355 pelamydes
467 2293 476 2346 ;
491 2268 693 2333 membratim
709 2292 749 2332 ex
763 2269 812 2334 his
827 2271 965 2347 salsura3
980 2270 1167 2354 melandrya
1180 2277 1214 2347 ¹³,

94 2372 242 2458 apolecti,
267 2370 407 2456 cybia¹⁴.
430 2368 556 2434 Amiae.
582 2367 740 2433 Scombri.
765 2367 830 2451 Qui
852 2392 917 2434 non
938 2371 1040 2434 sint¹⁵
1054 2371 1160 2454 pisces
1181 2370 1215 2434 in

93 2473 212 2551 Ponto,
243 2473 299 2556 qui
326 2472 456 2548 intrent,
485 2472 540 2554 qui
567 2470 663 2535 alia¹⁶
684 2471 826 2534 redeant.
861 2468 970 2552 Quare
991 2470 1098 2556 pisces
1126 2483 1216 2536 extra

94 2596 213 2659 aquam
235 2573 391 2639 exsiliant.
416 2568 551 2636 Gladius
561 2574 585 2612 1⁷
607 2571 715 2657 piscis.
738 2570 821 2635 Esse
843 2573 977 2660 auguria
999 2594 1040 2636 ex
1060 2573 1214 2658 piscibus.

93 2676 134 2741 In
163 2697 226 2760 quo
258 2697 375 2763 genere
402 2674 539 2758 piscium
570 2695 674 2737 mares
702 2695 766 2737 non
792 2675 865 2739 sint.
900 2673 967 2757 Qui
994 2677 1150 2742 calculum
1182 2675 1216 2738 in

96 2778 203 2864 eapite
224 2777 373 2841 habeant.
408 2773 476 2857 Qui
496 2776 615 2840 lateant
635 2775 749 2840 hieme.
785 2774 850 2858 Qui
871 2777 976 2842 hieme
996 2799 1061 2841 non
1084 2777 1215 2861 capian-

97 2890 150 2944 tur
170 2879 233 2944 nisi
255 2877 346 2942 statis
356 2879 380 2917 1⁸
402 2876 526 2941 diebus.
558 2873 624 2957 Qui
646 2887 766 2942 aestate
787 2878 917 2942 lateant.
949 2876 1015 2957 Qui
1037 2878 1217 2942 siderentur

96 2980 214 3065 pisces.
229 3020 232 3025 -
246 2978 301 3044 De
327 2978 456 3065 mugile.
490 2976 578 3043 De¹⁹
605 2978 800 3062 acipensere.
834 2977 888 3041 De
913 2978 1000 3061 lupo.
1032 2975 1086 3039 De
1108 2977 1216 3042 asello.

96 3081 152 3146 De
173 3102 263 3146 scaro
272 3083 307 3143 2⁰.
340 3077 393 3143 De
415 3080 562 3144 mustela.
592 3076 769 3141 Mullorum
790 3098 919 3163 genera.
952 3073 1085 3163 Sargus.
1114 3075 1216 3140 Mira-

96 3183 176 3249 bilia
201 3181 339 3267 piscium
364 3181 468 3265 pretia
477 3181 512 3243 ²¹.
544 3177 619 3243 Non
645 3177 765 3260 ubique
793 3175 913 3263 eadem!
932 3200 1051 3264 genera
1079 3180 1216 3264 placere.

98 3282 250 3367 Coracini
259 3285 293 3347 ²².
316 3280 369 3346 De
388 3279 558 3346 branchiis.
582 3279 636 3343 De
656 3278 805 3363 squamis.
828 3277 967 3345 Vocales
988 3290 1020 3344 et
1036 3280 1104 3344 sine
1119 3279 1216 3347 bran-

98 3385 180 3451 chiis
202 3385 317 3471 pisces.
347 3381 412 3462 Qui
434 3381 468 3446 in
490 3393 606 3446 terram
628 3381 754 3446 exeant.
781 3379 943 3468 Tempora
965 3392 1125 3468 capturae.
1153 3381 1216 3447 Di·

133 3558 177 3608 Ad
189 3557 297 3605 indicem
307 3558 365 3606 lihn'
376 3557 423 3606 IX.
436 3556 540 3605 adhibui
551 3556 653 3606 RTad.

135 3631 159 3673 l.
176 3622 332 3685 (lucrabis.
352 3622 427 3684 Qttae.
444 3624 496 3673 Td.
521 3629 544 3672 2.
562 3622 629 3680 Quae
645 3633 667 3673 et
683 3626 778 3686 quali.
802 3631 825 3674 3.
839 3623 946 3685 hellenis,
958 3625 1038 3674 BTa.
1062 3630 1086 3673 4.
1099 3625 1179 3684 bortis,
1193 3640 1216 3673 a.

101 3699 124 3742 5.
135 3693 264 3756 piscentur,
275 3694 327 3742 Ra.
340 3693 470 3750 miscentur,
482 3691 535 3740 Td.
572 3697 595 3741 6.
609 3707 677 3754 quae,
687 3708 710 3741 a.
724 3692 852 3743 Omittunt
863 3693 945 3742 RTd.
988 3695 1010 3742 7.
1024 3693 1172 3753 tursionzbus,
1184 3693 1216 3742 T.

99 3759 275 3824 tbripsz'onibus,
287 3760 318 3808 R.
332 3759 489 3824 trpisiouibus,
502 3774 524 3807 a.
536 3759 697 3824 tpresionihus
710 3762 734 3809 d.
770 3767 794 3810 8.
808 3760 953 3822 aquatilibus
965 3758 1124 3820 testudinibus,
1142 3776 1164 3809 a.
1176 3761 1217 3810 De

99 3826 255 3876 testudinibus
267 3827 419 3890 aquatilibus,
431 3841 451 3873 r.
487 3831 510 3875 9.
520 3828 619 3890 primus,
636 3829 688 3877 Rd.
698 3828 807 3891 primm,
820 3843 843 3874 a.
854 3828 930 3890 prius,
942 3828 973 3877 T.
1011 3833 1050 3876 10.
1062 3828 1178 3893 Dipestio,
1195 3846 1215 3878 r.

100 3894 290 3959 dipeniunlba.
301 3894 445 3960 dipestivum
454 3893 506 3942 Td.
526 3898 566 3942 11.
575 3894 737 3958 Dra-phocis,
751 3893 845 3941 omittit
854 3895 878 3941 d.
898 3900 937 3942 12.
952 3895 1047 3959 prnni
1054 3911 1121 3958 pone
1128 3897 1215 3961 pelam.

100 3962 233 4010 collocant
247 3962 300 4011 Ra.
337 3967 376 4011 13.
389 3959 538 4026 melandrya,
551 3962 672 4009 omittunt
683 3962 735 4010 Ra.
773 3965 812 4008 14.
822 3960 899 4024 aphia,
910 3963 942 4011 R.
960 3964 1039 4028 epuia,
1052 3979 1074 4012 a.
1084 3966 1216 4029 praecipui,

100 4030 155 4079 Td.
176 4035 215 4078 15.
227 4038 288 4089 sunt,
301 4045 323 4078 a.
344 4034 382 4078 16.
397 4029 438 4092 qui
448 4028 508 4088 alia,
520 4030 571 4077 Ra.
585 4037 607 4076 et
618 4029 660 4090 qui
669 4026 742 4088 alias,
754 4028 807 4077 Td.
819 4027 909 4088 Vina,
923 4034 1009 4079 5253.
1017 4071 1048 4078 ..
1057 4034 1096 4082 17.
1105 4031 1216 4095 Gladius,

100 4098 155 4146 Td.
172 4095 295 4156 Claudius,
307 4099 358 4146 Ra.
396 4102 434 4145 18.
447 4098 548 4157 statura,
560 4096 591 4145 T.
609 4096 715 4151 aestans
727 4097 777 4146 Ra.
796 4095 833 4145 bis
845 4103 939 4157 tantum,
952 4100 976 4147 d.
1014 4103 1052 4146 19.
1069 4099 1109 4148 De
1125 4109 1150 4148 et
1166 4103 1217 4149 hoc

101 4165 163 4213 loco
176 4173 202 4213 et
220 4173 309 4226 quater
326 4165 443 4227 deinceps
455 4165 640 4214 omittuntRa.
664 4168 809 4223 buscauro,
822 4164 853 4212 T.
877 4169 918 4213 21.
929 4168 1091 4230 penera,Ra.
1116 4174 1156 4216 22.
1174 4165 1217 4215 Oo-

102 4233 190 4292 racr'ni,
202 4233 238 4281 ita
249 4246 297 4282 nos
310 4231 462 4295 scripsimus.
484 4233 586 4294 cemiati,
607 4248 629 4282 a.
651 4232 756 4294 cemiaei,
776 4233 807 4283 R.
830 4230 958 4282 Omittunt
973 4233 1026 4282 Τὰ.
1047 4224 1106 4282 vu.
1130 4240 1154 4290 8,
1176 4237 1217 4280 68.
