2714 4710
336 281 407 326 nm.
423 280 460 326 11.
490 279 569 326 can.
586 279 804 326 xum-nav.
835 277 931 325 snos.
949 281 980 324 a.
994 281 1026 324 a.
1176 263 1235 327 145

110 455 168 498 ore
194 441 301 508 vasto,
336 453 491 517 praeceps
512 429 619 507 hiatu,
654 430 688 493 in
716 450 810 512 quem
841 428 965 493 deiecto
992 429 1055 494 lovi
1082 431 1234 515 pondere,

110 532 260 618 quamvis
276 531 446 615 tranquillo
462 531 530 608 die,
548 529 667 595 turbini
683 529 793 594 similis
809 529 924 593 emicat
938 531 1088 614 procella.
1109 529 1234 597 Nomen

109 634 181 700 loco
202 642 252 698 est
268 630 379 697 Senta.
409 627 498 712 Quin
521 639 552 695 et
573 631 607 693 in
631 627 809 714 Cyrenaica
831 629 995 714 provincia
1017 653 1113 716 rupes
1135 637 1237 716 quae-‘

110 734 188 798 dam
209 743 317 798 austro
340 722 477 809 traditur
499 753 599 809 sacra,
622 753 720 815 quam
739 730 908 815 profanum
932 730 972 793 sit
994 733 1156 798 attrectari
1177 733 1235 797 ho-

72 873 78 878 ·
110 835 207 900 minis
227 857 335 912 manu,
358 832 528 897 confestim
549 843 659 897 austro
681 832 828 897 volvente
850 832 996 897 harenas.
1027 832 1067 896 In
1088 832 1240 920 domibus

111 935 211 1002 etiam
231 936 331 1001 multa
357 933 538 998 madefacta
566 933 690 998 inclusa
711 934 869 1018 opacitate
892 935 1120 1019 conceptacula
1141 957 1235 999 auras

111 1058 188 1100 suas
209 1034 346 1113 habent3
372 1034 452 1099 adeo
474 1057 572 1099 causa
592 1056 656 1099 non
678 1035 777 1098 deest.
1175 1115 1177 1127 Ι

154 1136 208 1200 45.
231 1131 300 1200 Sed
312 1137 497 1221 plurumum
510 1135 654 1212 interest,
678 1133 772 1199 flatus
796 1134 837 1199 sit
859 1157 899 1203 an
921 1146 1047 1200 ventus.
1073 1135 1149 1202 Illos
1171 1146 1299 1200 sta-116

112 1246 164 1301 tos
185 1245 282 1320 atque
303 1236 524 1323 perspirantis,
546 1257 627 1318 quos
646 1258 710 1298 non
730 1243 851 1299 tractus
867 1235 981 1319 aliquis
1002 1259 1113 1300 verum
1134 1249 1237 1303 terrae

112 1336 271 1413 sentiunt,
295 1335 351 1418 qui
372 1358 436 1401 non
458 1358 551 1413 aura,
573 1358 637 1401 non
658 1335 797 1420 procella
821 1335 877 1399 sed
898 1358 1002 1400 mares
1024 1337 1237 1423 appellatione
1340 1333 1344 1339 ’

110 1458 241 1520 quoque
262 1436 333 1522 ipsa
354 1437 442 1501 venti
464 1447 556 1513 sunt,
587 1436 654 1500 sive
682 1435 817 1500 adsiduo
844 1436 957 1499 mundi
982 1437 1083 1502 incitu
1106 1450 1138 1502 et
1160 1461 1235 1503 con-

113 1537 211 1603 trario
234 1536 376 1601 siderum
397 1559 538 1602 occursu.
552 1547 746 1613 nascuntur,
776 1536 844 1600 sive
871 1536 923 1599 hic
951 1548 999 1601 est
1025 1537 1078 1603 ille
1100 1560 1236 1624 genera-

113 1637 189 1703 bilis
208 1659 316 1702 rerum
335 1648 469 1701 naturae
485 1635 616 1722 spiritus
630 1636 693 1700 huc
707 1635 783 1701 illuc
799 1645 961 1718 tamquam
976 1635 1010 1698 in
1024 1648 1115 1700 utero
1131 1638 1237 1721 aliquo

112 1879 169 1927 Τὰ.
187 1886 215 1936 et,
226 1877 276 1926 R¹.
295 1893 315 1935 e,
331 1877 419 1926 R²Pa
435 1873 564 1937 (Robcrt.)
580 1869 630 1938 βγ.
657 1875 694 1924 At
709 1876 767 1924 loco
783 1876 821 1924 uti
838 1890 885 1924 nos
901 1874 1008 1924 fecimus
1025 1877 1158 1926 emendato
1176 1892 1237 1926 con·

113 1945 184 1994 venit
199 1944 284 1992 Plinio
303 1960 361 1993 cum
377 1943 464 1993 Servio
480 1945 513 1991 ad
529 1943 607 2004 Verg.
623 1941 689 1990 Aen.
709 1946 730 2005 7,
749 1946 789 1992 27.
799 1942 882 2006 flatus
898 1941 977 2001 omnis,
996 1941 1040 2004 qai
1056 1951 1090 1991 eet
1107 1941 1177 2007 ripae
1192 1953 1237 1994 aut

110 2009 202 2076 pelopi,
215 2009 314 2059 acanus
324 2019 423 2059 vocatur
439 2010 512 2073 quasi
524 2025 553 2056 ee
566 2008 616 2057 alto
628 2007 693 2057 πιανέ
707 2008 815 2073 spirans,
832 2024 914 2073 neque
928 2024 992 2072 opus
1005 2017 1044 2058 est
1056 2009 1192 2073 confugere
1203 2014 1237 2060 ad

112 2079 226 2128 rationes
242 2077 334 2127 Ideleri
349 2085 453 2126 meteor.
470 2092 496 2140 p.
515 2079 554 2126 78.
578 2117 610 2124 ..
633 2091 756 2141 concerpe,
773 2077 821 2127 3¹.
845 2118 878 2126 ..
900 2076 945 2141 qai
966 2077 1090 2127 RTPad
1106 2074 1236 2141 (Robert.)

118 2144 163 2208 qai
174 2141 277 2208 quiden,
289 2140 338 2208 βγ.
354 2154 389 2193 ’..
407 2144 500 2207 opopa,
512 2159 562 2192 om.
575 2145 615 2192 (1¹.

149 2214 164 2275 ξ
178 2217 233 2261 115.
252 2211 367 2275 conflexa,
383 2212 408 2260 Β
419 2213 515 2260 'Para
528 2209 615 2272 (codd
631 2207 758 2270 Barbari.)
776 2211 896 2275 corfiaxa,
912 2213 962 2260 ΒΡ.
981 2209 1111 2275 complexa,
1129 2214 1153 2260 d.
1175 2228 1236 2261 com-

111 2279 195 2344 plexa,
208 2278 238 2328 Τ.
258 2319 289 2326 ..
308 2278 392 2340 cubito,
408 2280 474 2328 Rad
490 2275 574 2339 (codd.
586 2274 705 2338 Barbar.)
722 2276 805 2336 sabito,
822 2279 913 2328 TPra
927 2275 1019 2339 (Rob.)
1039 2319 1071 2326 -
1084 2278 1184 2338 fracta,
1195 2277 1236 2328 ur

115 2343 208 2408 (Rob.)
213 2345 296 2408 facta,
305 2346 334 2396 P.
347 2341 623 2410 ooasraeta‚·adssr.»-
639 2344 766 2406 tuameres,
776 2345 801 2392 Β
810 2347 825 2392 ¹.
842 2344 867 2391 in
879 2341 995 2403 tumeret,
1006 2345 1070 2392 Pad
1082 2339 1173 2406 (Βοὴ.)
1184 2340 1235 2409 βγ.

114 2412 378 2491 maumeroe‚R'-’T..7
387 2411 475 2460 nivium
486 2428 562 2489 erosa
571 2427 591 2459 r.
602 2419 656 2488 ¹aut
667 2408 782 2504 complergi
792 2409 869 2458 subito
881 2410 996 2486 anfractu
1008 2409 1032 2456 in
1043 2425 1169 2487 numerosa
1177 2411 1237 2489 iupa

113 2473 1235 2609 miltutffllttttif‘tttttt.tl.trtt”t.tff⁸t‘ttltffltt:

115 2621 212 2674 tantan,
227 2613 257 2663 P.
277 2653 309 2661 ..
328 2629 391 2677 quae
402 2627 487 2672 cauea,
500 2612 598 2661 RPad.
618 2619 831 2670 caesarianorum,
844 2626 998 2673 quaeram,
1012 2612 1043 2661 Τ.
1056 2652 1088 2660 ..
1105 2611 1156 2660 aine
1164 2613 1234 2674 fiae,-

113 2682 179 2730 hacc
194 2681 271 2730 verba
288 2681 366 2733 Hard.
382 2695 401 2744 γ
416 2679 483 2728 male
499 2681 532 2728 ad
548 2678 712 2742 parenthesin
727 2676 845 2739 referunt,
855 2679 877 2727 P
887 2674 1016 2740 (Robert.)
1030 2674 1051 2740 β
1063 2679 1163 2730 initium
1174 2682 1234 2730 novi

115 2749 204 2811 capitis
222 2746 326 2796 faciunt.
354 2748 411 2810 Ego
433 2759 463 2795 eo
479 2747 561 2806 retuli,
574 2761 624 2809 quo
643 2752 713 2795 etex
733 2746 857 2794 sententia
874 2746 923 2794 loci
942 2753 1016 2794 etex
1033 2748 1153 2796 orationis
1171 2762 1232 2796 con-

115 2815 236 2864 cinnitate
250 2813 381 2864 referenda
396 2813 505 2863 fuerunt.
525 2854 556 2861 -
574 2811 632 2872 iam,
645 2827 695 2861 om.
712 2813 815 2861 Robcrt.
834 2853 866 2860 ..
885 2811 986 2874 quidam
997 2815 1024 2861 in
1040 2815 1157 2862 omnibus
1176 2816 1230 2876 qni-

115 2883 174 2935 dem
193 2883 266 2932 codd.
278 2882 385 2943 legitur,
406 2882 450 2930 sed
468 2881 627 2929 scribendum
649 2880 747 2928 videtur
769 2872 871 2942 quidem,
889 2880 948 2940 quia
964 2894 1105 2940 pronomen
1122 2881 1183 2928 satis
1195 2889 1233 2929 est
1268 2919 1270 2924 2

114 2950 226 2998 otiosum
243 2957 268 2997 et
282 2949 350 2999 Plin.
368 2947 513 3010 saepissime
529 2946 578 2995 iam
595 2944 690 3010 quidem
706 2955 727 2994 et
743 2942 779 3006 (v.
797 2948 830 2994 ad
846 2951 886 3003 33,
904 2942 966 3005 to),
982 2960 1122 3006 numquam
1138 2954 1231 3005 autom,

115 3023 240 3078 quantum
261 3016 328 3075 scio,
349 3014 399 3062 iam
416 3055 448 3062 ..
467 3022 489 3062 et
506 3014 572 3063 dicit.
592 3013 670 3072 etiam,
685 3013 788 3061 Robert.
817 3009 867 3058 iam
887 3009 937 3057 siae
950 3009 1004 3070 fine
1019 3010 1101 3058 oentoe'
1109 3021 1231 3073 ponerent,

72 3120 75 3125 .
148 3079 217 3131 idam
229 3080 301 3131 etiam
312 3098 404 3146 specus,
415 3082 483 3130 Pint.
496 3121 528 3128 ..
545 3078 678 3138 Delmatia,
690 3078 814 3128 R¹sTn
836 3074 975 3136 Dalmatia,
991 3069 1020 3125 θ.
1042 3075 1170 3138 Delmatia
1181 3079 1230 3128 R².

112 3100 264 3209 dalmatiae,
276 3150 320 3198 Pa
332 3145 461 3210 (Robert.)
473 3143 522 3212 βγ.
542 3187 574 3194 -
592 3161 638 3209 ore,
650 3145 728 3195 RST
737 3137 786 3193 θᾱ.
805 3159 857 3202 ora,
868 3144 911 3192 Pa
927 3139 1056 3205 (Robert.)
1067 3139 1117 3208 βγ.
1137 3186 1168 3193 -
1187 3163 1230 3193 υα-

112 3225 155 3277 sto,
168 3208 294 3266 suono.
317 3223 389 3274 coeto,
405 3216 455 3264 Β).
477 3213 542 3273 orato,
558 3213 583 3261 Β
593 3215 608 3261 ¹.
630 3212 697 3266 iacto.
709 3213 732 3260 P
748 3207 879 3271 (Robert.)
898 3251 929 3258 -
944 3227 1066 3275 praecepa,
1083 3205 1195 3266 STGu'
1206 3215 1229 3261 d.

113 3281 138 3330 ia
147 3299 271 3347 praeceps,
286 3284 311 3332 R
323 3279 361 3344 (i)
372 3277 487 3345 Pa²ss7t
507 3321 538 3328 -
558 3295 637 3342 quam,
649 3280 681 3328 R.
700 3319 732 3326 ..
755 3277 779 3325 in
795 3276 934 3340 tranquillo,
945 3279 995 3327 R2.
1014 3319 1046 3326 ..
1068 3276 1133 3327 Loco
1145 3289 1180 3328 est
1191 3297 1230 3328 ao-

113 3365 172 3409 men,
188 3352 213 3399 d.
233 3389 264 3397 ..
283 3347 389 3413 Sarepta,
407 3351 430 3398 d.
453 3346 588 3410 sertaquio.
611 3345 653 3405 Et,
669 3347 716 3394 Pa
730 3341 861 3406 (Robcrt.)
882 3341 962 3405 Senia,
978 3346 1081 3395 Barbar.
1099 3349 1132 3395 ad
1147 3354 1171 3407 3,
1189 3353 1229 3396 21.

113 3417 128 3480 ς
143 3422 200 3466 140.
219 3457 251 3464 .-
270 3414 413 3476 adtrectare,
424 3417 474 3480 Ro,
490 3417 560 3478 quod
571 3413 770 3477 praeferendum,
788 3414 809 3463 si
821 3429 893 3462 manu
909 3413 1021 3462 dativum
1033 3413 1168 3475 habcmus;
1180 3416 1229 3464 vid.

113 3485 200 3544 adae,
218 3489 258 3532 20.
278 3523 309 3531 ..
328 3482 438 3546 rapinas,
456 3485 496 3530 a².
518 3481 791 3540 Atv.Me1a1.a,1.
811 3522 842 3529 -
861 3488 890 3538 et,
902 3481 931 3530 P.
951 3522 982 3529 -
1001 3479 1083 3538 multa,
1100 3473 1128 3530 θ.
1151 3481 1230 3541 orulto,

112 3551 165 3600 R'.
184 3549 273 3608 multia,
284 3545 444 3614 ituatur.
464 3589 495 3597 ..
517 3545 666 3612 madefacta,
678 3539 757 3597 R’O.
785 3564 856 3596 mana
865 3548 951 3611 saeta,
963 3542 1123 3610 ΒῖΡειᾱβγ,
1144 3589 1174 3596 -
1193 3563 1230 3593 re-

113 3615 250 3681 ceptacula,
266 3618 315 3666 R2.
334 3657 366 3664 ..
384 3633 472 3676 aurae,
487 3616 562 3664 Ru).
585 3631 667 3674 auree,
683 3616 774 3664 R¹ad.
793 3656 824 3663 -
843 3612 941 3675 labent‚·
961 3611 1029 3673 adeo,
1046 3614 1162 3663 R²Pad
1186 3612 1231 3660 la·

114 3685 169 3732 beot
182 3681 294 3742 adhaec,
306 3683 351 3731 R1.
370 3681 532 3745 adeotatae,
545 3683 576 3732 T.

148 3751 235 3814 5116.
258 3749 317 3807 Illo,
333 3749 381 3799 R1.
404 3748 514 3809 Icilios,
531 3751 582 3799 1³².
606 3790 637 3798 ..
660 3758 742 3810 statos,
758 3750 862 3800 Barbar.
886 3791 916 3797 -
925 3746 1066 3862 procellae,
1087 3738 1115 3796 θ.
1135 3789 1166 3795 -
1189 3748 1233 3797 sed
1276 3760 1282 3771 ⁸

114 3833 202 3878 mares,
214 3819 239 3868 Β
248 3809 379 3866 ¹T9ad¹.
397 3817 441 3867 sed
451 3816 533 3877 maris,
545 3817 621 3867 R²d²
633 3812 793 3879 (Robertns.)
811 3814 888 3865 maris
899 3830 924 3862 se

113 3884 201 3950 patae,
220 3887 243 3933 d.
268 3883 406 3947 quaeriue,
424 3886 558 3934 Robertus.
582 3898 645 3945 quae
662 3883 720 3941 sine,
736 3883 766 3930 P.
789 3881 833 3945 qui
847 3876 943 3942 sivest.
963 3922 994 3929 ..
1013 3880 1118 3941 assidue,
1135 3883 1179 3933 R'.
1200 3924 1231 3930 -

113 3950 202 4013 nonde,
214 3953 259 4000 Rt
279 3992 310 4000 ..
329 3950 410 4009 incita,
422 3952 507 4001 RPa²
519 3947 648 4011 (Robert.)
666 3949 746 4009 incito,
759 3953 794 3997 at
814 3947 921 4007 incitato,
937 3939 1037 4012 ouer.
1057 3948 1123 3998 Cum
1136 3956 1161 3998 et
1173 3947 1231 3997 inci-

114 4029 153 4068 tus
165 4027 190 4068 et
203 4017 315 4067 incitatos
328 4019 377 4067 sint
390 4014 464 4074 ἅπαξ
475 4011 607 4081 εἰρημένα
619 4029 699 4076 aeque
709 4016 774 4065 bene
785 4014 902 4076 formata,
912 4016 976 4065 illud
987 4017 1019 4065 ab
1031 4016 1062 4064 iis
1078 4017 1149 4064 codd.
1162 4032 1231 4064 com-

114 4088 272 4147 mendatum,
285 4103 300 4135 a
313 4086 403 4146 quibus
415 4087 463 4134 nisi
476 4085 562 4146 aliqua
577 4082 724 4131 necessitato
741 4089 846 4144 urgente
863 4096 916 4130 non
933 4083 1110 4132 discedendum
1126 4084 1231 4143 videtur,

114 4153 288 4216 recipiendum
306 4153 454 4202 existimavi.
475 4193 505 4199 -
524 4165 560 4209 ex,
577 4151 606 4198 P.
627 4190 656 4197 -
675 4166 755 4210 cursa,
771 4151 801 4198 P.
821 4189 852 4196 -
870 4159 1012 4207 nascantur,
1028 4151 1058 4199 P.
1079 4191 1109 4198 -
1133 4150 1173 4198 ille
1193 4149 1232 4197 lic

116 4231 157 4280 eet,
169 4221 199 4270 Ρ.
214 4260 245 4268 ..
257 4218 411 4284 uenerabilis,
424 4222 460 4269 ad
471 4214 600 4280 (Robert.)
612 4215 742 4280 qeneralis,
752 4217 840 4267 RTP.
854 4257 885 4264 -
899 4215 1010 4341 illacqup
1022 4218 1045 4267 Ρ
1057 4214 1187 4279 (Robert.)

150 4288 227 4337 Pana
245 4288 267 4338 I.

961 3809 1016 3875 Ρβ.
1031 3855 1062 3863 -
1075 3814 1132 3874 sive,
1147 3814 1230 3863 RTa.
