2714 4710
133 309 236 352 LXXIV
600 307 790 352 ruarmo.

132 439 172 540 ηἶ
192 458 268 534 exit,
293 460 334 521 ibi
358 456 385 517 B
410 458 520 537 ubique
545 458 704 532 sehabet,
730 460 806 521 adeo
825 459 875 531 ut,
897 458 976 536 quod
998 477 1086 521 nemo
1111 459 1175 520 iere
1202 467 1255 521 tu-

133 569 212 642 lerit,
227 571 363 630 Pollusca
378 569 416 629 sit
428 575 582 628 exaratum
595 564 647 643 35,
664 564 731 639 93.;
746 570 814 629 binc
827 569 882 628 soli
895 569 1004 628 hbrarii
1017 570 1109 630 errori
1122 570 1256 630 tribuen-

36 701 49 762 .‘
134 680 205 738 dnm
215 687 265 741 est
277 679 428 757 clamatum
442 673 495 750 36,
511 672 598 750 157.;
612 678 689 737 idem
703 679 784 738 valet
796 679 833 738 de
847 681 979 756 scytalen
993 673 1046 751 32,
1058 673 1110 739 54.
1131 679 1255 740 Ubide·

133 789 222 865 nique
235 787 434 848 nominativus
450 787 513 846 exit
524 765 604 860 in'r'r,
618 787 659 845 ibi
672 787 764 846 codex
777 785 804 846 B
822 786 930 865 ubique
950 785 1184 847 terminationem
1203 792 1254 862 iar,

133 915 295 972 numquam
319 899 350 955 ir
368 896 472 968 habet,
495 895 558 955 sive
580 913 616 953 ea
633 904 703 955 sunt
721 895 874 956 masculini
892 895 954 956 sive
981 895 1114 955 feminini
1131 896 1256 974 generis.

135 1004 223 1080 Quod
235 1005 275 1063 ad
289 1004 419 1082 singulas
432 1005 546 1064 litteras
560 1005 671 1079 attinet,
685 1005 717 1064 in
729 1005 767 1064 iis
780 1004 956 1078 nominibus,
968 1006 1047 1080 'quae
1064 983 1257 1065 emaum}

136 1115 255 1186 habent,
270 1112 403 1173 oodch
416 1114 504 1173 modo
518 1133 543 1187 e,
558 1114 647 1172 modo
661 1116 673 1172 i
686 1113 815 1186 exhibet,
829 1132 925 1191 neque
937 1115 994 1190 ego
1005 1113 1097 1174 invito
1110 1115 1163 1174 illo
1178 1116 1256 1175 libro

135 1223 329 1284 constantiam
348 1223 478 1299 aliquam
497 1223 580 1299 sequi
599 1240 666 1282 sum
686 1241 791 1297 ausus,
813 1223 904 1294 unde,
923 1231 1012 1299 prout
1026 1223 1121 1283 codex
1133 1225 1258 1299 magaba

134 1332 208 1392 locis
228 1331 363 1406 habebat,
383 1338 414 1390 et
433 1330 595 1411 Polycletus
618 1333 819 1409 etPolyeb'tus
843 1331 959 1408 aliaque
984 1331 1117 1392 similiter
1141 1333 1256 1410 scrIpsi,

136 1457 314 1517 quamquam
333 1441 419 1500 facile
438 1440 565 1500 concedo
589 1438 688 1517 ips'um
712 1440 889 1517 'scriptorem
917 1441 956 1500 ab
981 1440 1038 1500 hac
1061 1441 1259 1501 inconstantia

135 1551 262 1610 liberum
276 1568 309 1609 se
322 1545 460 1622 tenuisse,
476 1550 565 1624 quam
585 1553 685 1609 tamen
703 1550 754 1609 alii
767 1568 885 1627 quoque
899 1550 958 1614 viri
970 1550 1049 1610 docti
1061 1550 1092 1608 in
1106 1550 1258 1628 scriptoti-

136 1662 193 1721 bus
207 1679 226 1718 a
237 1664 273 1719 se
287 1660 370 1719 editis
385 1665 471 1718 caute
485 1665 656 1731 servarunt3
671 1679 701 1718 v.
715 1659 845 1718 Ellendt
856 1660 899 1718 ‘ad
915 1656 980 1718 (iic.
999 1657 1087 1718 Brut.
1103 1663 1119 1729 t
1134 1654 1185 1720 15.
1221 1658 1260 1718 In

135 1770 282 1847 geminata
294 1770 393 1828 littera
402 1747 607 1848 'p'auctoritate
618 1767 761 1828 codicisB
771 1769 975 1845 aspirationem
985 1769 1076 1843 vulgo
1087 1772 1260 1843 sequentem

137 1879 230 1951 omisi,
249 1878 290 1935 ita
309 1878 417 1936 utiam
435 1876 552 1951 legatur
569 1880 752 1950 hemorrois,
774 1878 952 1949 Ferrarius,
976 1879 1109 1955 Pyrrus,
1134 1877 1252 1937 similia.

139 1987 246 2046 Restat
258 1964 398 2058 litterad,
414 2004 504 2060 quam
519 1985 647 2045 codexB
661 1988 749 2045 modo
762 2004 817 2063 per
826 2007 857 2059 a,
868 1987 955 2045 modo
969 2005 1023 2064 per
1035 2008 1064 2064 y,
1075 1988 1164 2063 idque
1177 1986 1261 2046 haud
1276 2014 1281 2020 ·

139 2112 208 2154 raro
229 2095 331 2153 eadem
348 2087 380 2151 in
399 2112 473 2153 voce
491 2094 602 2164 reddit3
623 2094 700 2154 hanc
717 2096 813 2172 ipsam
833 2096 871 2155 ob
890 2096 1118 2156 inconstantiam
1132 2101 1163 2154 et
1179 2097 1261 2172 quod

140 2204 288 2264 scribendi
300 2203 377 2262 ratio
390 2221 444 2280 per
458 2223 478 2262 a
491 2203 613 2262 firmiter
628 2213 747 2264 servata
760 2223 819 2264 non
832 2223 940 2281 parvas
954 2205 1140 2264 difficultates
1158 2221 1261 2264 seeum

144 2313 221 2373 ferre
239 2313 405 2384 videbatur,
428 2312 582 2390 vulgatam
600 2313 745 2373 scribendi
764 2315 923 2388 rationem,
948 2315 1076 2391 exeeptis
1094 2313 1263 2374 nominibus

144 2422 329 2500 appellativis
342 2441 443 2482 marra
457 2428 487 2481 et
499 2425 677 2495 crastcllam,
685 2420 799 2498 ¹ubique
813 2422 919 2482 retinui
924 2441 933 2494 3
948 2422 986 2480 de
999 2424 1145 2499 scriptura
1162 2425 1264 2484 nomi·
1354 2418 1356 2423 ’

142 2550 214 2592 num
228 2529 410 2592 Graecorum
420 2511 491 2610 adp
502 2532 699 2609 incipientium
713 2532 760 2609 egi
774 2532 813 2591 ad
827 2526 878 2605 32,
895 2526 968 2592 151.
988 2532 1113 2592 Praeter
1125 2551 1169 2605 ea,
1183 2550 1264 2609 quae

141 2641 293 2714 hucusque
313 2641 549 2712 commemoravi,
569 2640 628 2700 alia
641 2660 758 2718 quoque
771 2643 803 2701 in
824 2642 922 2700 codiee
934 2641 962 2700 B
976 2643 1094 2701 exstant
1105 2643 1145 2702 ad
1157 2641 1265 2702 ortho-

143 2749 298 2828 graphiam
312 2748 498 2824 pertinentia,
514 2767 589 2823 quae
602 2751 741 2824 notanda,
756 2751 883 2810 fortasse
896 2751 971 2810 adeo
983 2751 1148 2828 recipienda
1159 2752 1264 2823 erant3

142 2869 176 2918 ut
188 2859 223 2918 iis
237 2857 423 2930 abstinerem,
438 2857 507 2917 iecit
519 2838 674 2932 dubitatio,
689 2877 757 2918 cum
767 2858 874 2936 partim
888 2860 1012 2918 ηἰωίωιι
1025 2861 1133 2920 abusu
1141 2860 1266 2936 vulgari

140 2969 326 3040 recederent,
352 2968 450 3026 omnia
474 2985 545 3026 vero
569 2968 666 3027 adhuc
690 2969 796 3028 altiore
814 2969 951 3043 indagine
974 2969 1059 3046 egere
1083 2970 1265 3030 viderentur.

144 3076 220 3138 Sunt
238 3077 301 3137 iere
318 3079 406 3136 haec:
425 3079 499 3137 olibe
518 3076 567 3137 vel
584 3079 671 3138 olibel
688 3076 843 3153 aliquoties
862 3095 882 3135 a
899 3095 989 3136 manu
1007 3078 1115 3154 prima,
1142 3080 1265 3152 balim

75 3235 78 3247 ,
143 3207 288 3258 corruere,
302 3188 435 3259 coenetis,
449 3189 581 3260 coiectas,
595 3205 692 3260 conca,
707 3196 829 3258 coemto,
843 3188 997 3259 armanum,
1007 3190 1101 3264 salpe,
1116 3188 1265 3265 barispeae,

144 3296 235 3367 bolus,
250 3298 373 3366 lucusta,
386 3295 504 3354 mallius
517 3313 573 3370 pro
586 3299 696 3365 melleo,
710 3297 818 3369 muria,
838 3298 1019 3367 mortarium,
1040 3297 1161 3371 asclepa,
1171 3293 1267 3373 peda·

144 3406 235 3474 culus
252 3405 507 3479 promunctorium,
527 3404 798 3478 quinquepertitam
816 3412 847 3463 et
863 3403 978 3477 similia,
993 3407 1092 3478 rettuli
1103 3412 1135 3463 et
1142 3405 1267 3478 amrin,

145 3514 292 3589 sappirus,
308 3512 432 3582 scribsit,
452 3513 581 3582 sescenti,
602 3514 806 3589 stapaam'pro
825 3523 936 3585 emano,
957 3513 1138 3587 meam,
1159 3517 1267 3575 maille.

146 3621 303 3683 Sciendum
331 3619 419 3679 etiam
443 3620 573 3678 codicem
595 3620 623 3678 B
646 3620 861 3682 nominativum
889 3622 1013 3698 pluralis
1040 3622 1185 3683 secundae
1213 3623 1268 3681 de·

146 3730 314 3789 clinationis-
342 3728 434 3805 vulgo
469 3727 499 3786 in
535 3729 558 3786 ii
590 3735 745 3787 exeuntem
776 3730 949 3808 plerumque
984 3732 1016 3790 in
1049 3734 1062 3790 ι’
1095 3731 1267 3804 terminare,

145 3837 306 3897 ablativum
329 3836 360 3895 in
389 3839 494 3912 r‘s'pro
518 3839 571 3910 iis,
602 3838 681 3912 quod
705 3838 814 3916 pariter
834 3841 927 3900 ¹valet
954 3841 992 3899 de
1020 3839 1137 3899 easrbus
1162 3840 1269 3900 iisdem

146 3946 325 4023 pronominis
360 3946 581 4007 demonstrativi
613 3951 654 4019 is,
696 3957 726 4006 et
759 3949 810 4009 ubi
842 3949 991 4026 genitivus
1024 3947 1184 4024 singularis
1218 3949 1269 4009 vel

146 4055 345 4115 nominativus
364 4062 394 4114 et
412 4055 596 4116 aecusativus
614 4056 739 4134 pluralis
758 4067 880 4133 quartae
900 4059 1103 4118 declinationis
1116 4057 1267 4132 legtmtur,

146 4181 214 4226 eum
241 4165 350 4239 ubique
375 4186 414 4226 uu
436 4183 491 4242 pro
505 4186 525 4226 u
538 4165 685 4226 exhibere.
707 4164 791 4240 Quae
804 4167 895 4246 igitur
904 4169 1001 4228 omnia
1011 4174 1045 4228 ut
1053 4165 1269 4228 fortasseiusta
