2714 4710
149 256 211 321 232
500 276 702 324 aerumnis
724 274 918 325 ursronreu
1004 310 1008 319 ,

148 423 409 508 Laestrygonum
430 423 534 489 sedes.
557 423 652 490 Ultra
674 426 736 491 luit
755 426 911 512 oppidum
931 423 1049 510 Pyrno,
1071 434 1122 489 est
1144 422 1267 490 colonia

149 523 338 590 Minturnae
358 522 430 588 Liri
456 547 549 590 amne
575 526 677 591 dinsa
706 525 800 593 Claui
825 526 1002 612 appellato,
1029 521 1267 611 oppidum-Si-
1314 549 1319 569 =

149 647 279 705 nuessa,
307 635 486 690 extremum
512 625 547 688 in
567 625 693 691 adiecto
714 626 820 705 Latio,
849 649 946 710 quam
970 625 1103 710 quidam
1124 622 1268 712 Sinopen

149 726 261 792 dixere
287 724 469 791 vocitatam.
505 723 593 790 Hinc
620 726 701 790 felix
727 719 782 793 illu
808 724 985 812 Campania
992 751 1002 805 ;
1037 725 1080 791 ab
1107 724 1172 790 boc
1197 725 1269 790 sinu
1280 743 1309 788 so

148 826 307 911 incipiunt
327 822 447 889 vitiferi
469 825 568 890 colles
592 836 624 890 et
647 827 833 892 temulentia
853 826 967 893 nobilis
988 847 1065 891 suco
1084 847 1147 911 per
1167 826 1269 890 omnis

149 937 249 992 terras
269 923 391 988 incluto
413 933 510 1006 atque
533 924 586 1012 (ut
606 935 733 991 veteres
754 925 881 1011 dixere)
901 947 1062 1011 summum
1074 923 1190 1009 Liberi
1209 948 1267 1012 pa·

149 1025 301 1091 triacum
324 1019 445 1089 Cerere
468 1035 640 1090 certamen.
677 1025 765 1091 Hinc
788 1023 893 1091 Setini
915 1036 950 1091 et
971 1022 1116 1091 Caecubi
1137 1036 1269 1111 proten-

149 1127 268 1192 duntur
284 1147 360 1211 agn
366 1149 376 1202 3
398 1124 449 1189 his
467 1125 645 1211 iunguntur
658 1125 799 1204 Falerni,
823 1123 947 1192 Caleni.
969 1125 1058 1194 Dein
1072 1136 1270 1214 consmgont

148 1225 294 1303 Massici,
318 1221 463 1290 Gaurani
486 1223 731 1308 Surrentinique
753 1236 887 1293 montes.
914 1225 966 1292 Ibi
986 1224 1145 1291 Leborini
1166 1225 1270 1311 campi

150 1335 338 1392 sternuntur
364 1335 398 1390 et
423 1324 457 1389 iu
484 1323 617 1390 delicias
643 1324 742 1391 alicae
763 1326 882 1412 politur
902 1325 1027 1392 messis.
1062 1325 1159 1392 Haeo
1178 1325 1307 1392 litorao

150 1426 294 1492 fontibus
317 1424 429 1490 calidis
450 1424 596 1510 rigantur
617 1436 809 1510 praeterque
831 1435 939 1491 cetera
957 1425 992 1490 in
1002 1435 1082 1493 ,toto
1095 1427 1178 1491 mari
1191 1448 1266 1492 cou-

151 1527 256 1611 ohylio
278 1535 311 1591 et
331 1525 419 1610 pisce
440 1524 540 1590 nobili
561 1525 763 1590 adnotantur.
785 1524 953 1609 Nusquam
968 1525 1162 1613 ¹generosior
1181 1527 1269 1592 oleae

149 1629 264 1713 liquor.
286 1625 332 1690 Et
351 1626 413 1691 hoc
434 1646 562 1709 quoque
584 1635 745 1690 certamen
765 1625 922 1691 humanae
943 1625 1117 1712 voluptatis
1139 1637 1269 1692 tenuere

152 1725 243 1807 Osci,
267 1723 395 1805 Graeci,
418 1724 545 1804 Umbri,
568 1725 678 1804 Tusci,
702 1723 867 1811 Campani.
895 1725 935 1790 In
955 1748 1012 1791 ora
1033 1723 1121 1798 Sauo
1142 1725 1269 1807 fluvius,

152 1829 348 1894 Volturnum
369 1826 523 1912 oppidum
549 1848 623 1890 cum
648 1848 752 1904 amne,
782 1825 963 1905 Liternum,
993 1824 1118 1892 Cumae
1140 1823 1270 1893 Chalci·

152 1927 311 2003 densium,
338 1925 513 2003 Misenum,
541 1935 653 2010 portus
673 1923 836 2004 Baiarum,
863 1923 969 2005 Bauli,
995 1925 1086 1992 laeua
1111 1925 1272 1993 Lucrinus

154 2036 188 2093 ct
201 2026 355 2090 Avernus
376 2024 467 2088 iuxta
489 2046 586 2107 quem
602 2022 812 2089 Cimmerium
833 2025 987 2111 oppidum
1003 2025 1176 2109 quondam,
1198 2028 1272 2093 dein

151 2125 278 2192 Puteoli
306 2124 430 2190 colonia
449 2122 670 2188 Dicaearchea
700 2124 779 2188 dicti
804 2135 942 2209 postque
962 2124 1136 2214 Phlegraei
1158 2129 1271 2213 campi,

151 2227 333 2293 Acherusia
353 2225 448 2310 palus
464 2222 577 2290 Cuuris
598 2223 713 2290 vicina.
736 2223 848 2292 Litore
869 2235 979 2293 autem
998 2225 1153 2313 Neapolis
1176 2226 1270 2294 Chal-
1283 2247 1311 2292 oe

184 2403 273 2465 Pirae,
290 2403 325 2454 A.
346 2397 418 2467 Pylo,
430 2394 490 2451 Βθ.
509 2441 541 2448 -
558 2406 602 2460 eet,
618 2399 652 2448 A.
671 2397 759 2450 omitt.
775 2393 854 2462 Ββγ.
876 2437 908 2446 -
935 2394 1019 2460 Ciani,
1034 2400 1105 2452 Pint.
1122 2401 1268 2455 embol.

151 2488 176 2536 p.
194 2478 251 2521 23³.
274 2467 386 2530 Glanico,
402 2463 488 2528 ΒΑβ.
510 2464 598 2527 Glari,
610 2479 634 2530 γ.
654 2505 686 2514 -
704 2460 838 2529 appellata,
849 2466 883 2515 A.
902 2505 934 2514 -
952 2465 1075 2530 oppidum,
1086 2470 1170 2520 omitt.
1185 2470 1267 2521 BAo.

150 2540 185 2588 Et
201 2537 285 2586 fateor
299 2538 352 2585 hoc
367 2550 461 2585 nomen
477 2548 599 2596 perquem
615 2533 679 2582 mihi
696 2539 842 2595 suspectum
859 2546 921 2593 csse,
934 2548 992 2583 cum
1003 2533 1153 2587 Sinuessam
1163 2552 1217 2586 nou
1227 2537 1271 2586 ml·

150 2620 198 2653 nus
210 2619 240 2652 ac
248 2605 390 2652 Minturnas
402 2602 531 2650 coloniam
541 2601 619 2649 finisse
631 2606 729 2649 constet
737 2595 805 2660 (Lis.
813 2596 921 2661 luat).
938 2599 1006 2650 Hine
1017 2604 1203 2653 emendandum
1211 2611 1271 2667 puto

151 2679 260 2720 extrema
273 2669 306 2730 in,
321 2671 389 2716 undo
404 2676 535 2717 extremum
550 2670 576 2717 in
593 2667 712 2716 facillime
730 2668 788 2715 oriri
805 2667 895 2729 potuit.
915 2706 946 2716 -
965 2665 1060 2718 adiecto
1070 2665 1155 2732 Latio,
1169 2671 1271 2721 Barber.

150 2736 184 2786 A.
208 2735 304 2785 adiectu
314 2733 397 2794 Latio,
409 2736 441 2783 Β.
460 2732 552 2783 abiecto
563 2733 631 2793 Lati,
643 2749 666 2783 a.
685 2773 717 2782 ...
736 2733 855 2798 Sinopam,
867 2747 892 2798 γ.

184 2806 252 2866 ξθθ.
276 2798 422 2866 Cantpania,
438 2802 472 2850 A.
497 2796 634 2866 Campania
650 2809 691 2862 cot,
708 2797 812 2865 nostr.
835 2841 866 2849 ..
889 2800 1055 2864 uitiferea,A.
1074 2841 1107 2851 ...
1128 2801 1225 2865 oman,
1235 2805 1270 2854 A.

151 2868 234 2930 nobili,
243 2871 298 2920 Ro.
312 2909 344 2918 ...
362 2868 447 2931 omnic,
459 2883 483 2918 σ.
497 2909 528 2917 -
546 2867 641 2929 incluto,
653 2870 685 2918 R.
698 2908 730 2916 -
751 2865 879 2929 caecutio,
890 2869 915 2917 Β
924 2870 940 2916 ¹.
957 2907 989 2916 -
1005 2867 1195 2932 protenduntur,
1206 2863 1270 2920 AO.

151 2937 316 2998 obtenduntur,
333 2931 412 2998 Βᾱβ.
437 2977 468 2984 -
491 2935 529 2997 iis,
550 2951 574 2985 σ.
597 2976 629 2985 ..
651 2943 806 3001 concorporat,
824 2935 857 2984 A.
877 2935 991 3000 sunpunt,
1011 2936 1064 2986 Rd.
1088 2977 1120 2987 -
1142 2935 1271 2999 Leborini,

150 3006 267 3056 RATd.
290 3003 416 3065 Leborini,
433 2997 461 3053 θ.
481 3044 512 3052 ..
527 3002 629 3068 politur,
646 3003 673 3051 A
685 2999 771 3063 (codd.
784 2999 901 3063 Barbas.)
920 3000 1062 3066 populatur,
1074 2997 1156 3068 Βθγ,
1176 3004 1270 3070 populi-

152 3082 200 3134 tus,
213 3074 266 3124 To.
281 3071 403 3137 politura,
414 3072 447 3122 K.
468 3111 499 3119 ..
521 3065 1087 3132 11111111,ΒΑ<101111.Β11111111.)11111111,Τά
1110 3071 1271 3122 IamBarlta·

150 3157 193 3190 rus
205 3141 275 3188 hunc
286 3141 373 3188 locum
384 3147 451 3188 recte
467 3145 506 3188 est
522 3139 706 3201 interpretatus,
723 3152 864 3200 provocans
876 3139 909 3186 ad
922 3141 961 3197 18,
976 3141 1032 3185 112.
1049 3139 1085 3187 Et
1095 3138 1202 3188 verbum
1217 3140 1272 3203 qui·

152 3209 210 3255 dem
224 3205 302 3268 polire
319 3207 395 3253 etiam
413 3207 469 3255 aliis
486 3206 550 3255 locis
566 3206 683 3254 latiorem
700 3205 868 3267 significatum
885 3204 1030 3267 apparandi,
1043 3205 1157 3267 curandi,
1174 3206 1273 3256 colendi

151 3274 241 3332 habet3
253 3272 302 3318 vid.
317 3276 356 3330 lo,
371 3277 410 3320 18.
434 3271 528 3322 Iterum
545 3270 632 3323 deinde
648 3270 726 3320 linum
742 3271 769 3320 in
779 3269 830 3333 filo
842 3269 944 3336 politur,
961 3268 1052 3320 illisum
1062 3273 1150 3320 crebro
1161 3270 1190 3322 ia
1206 3270 1273 3323 silice

151 3354 181 3388 ee
193 3354 269 3401 aqua.
287 3339 385 3387 Ennius
401 3354 440 3401 ap.
453 3341 520 3389 Non.
532 3355 557 3402 p.
570 3345 610 3389 ⁹4.
639 3339 684 3389 latr¹
695 3338 783 3402 campi,
797 3354 856 3402 quos
868 3337 934 3401 perit
943 3337 1037 3401 Africa
1049 3346 1117 3388 terra
1125 3337 1227 3402 politos,
1238 3341 1272 3389 id.

151 3406 210 3454 ibid.
223 3414 318 3454 rastros
331 3406 486 3470 dentesaber
494 3404 573 3469 capsit
583 3423 660 3455 causa
665 3403 780 3469 poliendi
789 3407 852 3468 apri,
863 3407 932 3468 quod
943 3405 1055 3454 imitatus
1067 3413 1106 3455 ost
1113 3406 1272 3458 VarroRB.

110 3467 115 3474 ’
151 3473 200 3521 ΠΙ.
213 3479 237 3535 2,
251 3478 272 3521 5.
297 3472 389 3536 politus
400 3472 499 3522 cultura
503 3470 610 3534 surdus.
632 3473 746 3521 Maximo
764 3473 815 3521 huc
830 3472 892 3522 lacit
909 3471 1045 3522 Columell.
1058 3472 1095 3522 11.
1113 3478 1155 3534 el,
1168 3479 1193 3524 t.
1211 3474 1273 3536 sra-

151 3549 229 3590 menta
240 3538 399 3605 expolitione,
417 3541 474 3588 coll.
491 3540 557 3589 Plin.
571 3546 612 3600 33,
631 3545 687 3588 122.
707 3540 750 3602 qui
765 3538 868 3587 minium
879 3541 904 3589 in
917 3538 1020 3598 officiale
1029 3537 1134 3601 poliunt.
1153 3539 1273 3591 Ceterum

151 3609 277 3658 Barbarus
290 3609 366 3657 etiam
375 3606 504 3670 poliuntur
515 3607 603 3656 mensis
615 3608 666 3669 legi
678 3621 754 3669 posse
766 3608 808 3667 ait,
817 3608 885 3656 Pint.
894 3605 981 3671 populi
992 3605 1063 3656 totius
1075 3607 1173 3669 menie,
1184 3609 1272 3659 Daloo.

151 3673 275 3740 callipitar
286 3677 371 3725 pressis
384 3674 497 3723 coniecit.
523 3675 564 3723 De
580 3676 685 3737 vulgata
697 3675 819 3737 scriptura
831 3674 999 3724 Schneidems
1012 3688 1115 3736 quoque
1127 3677 1160 3724 ad
1173 3674 1272 3726 Colum.

153 3742 187 3791 II.
200 3749 224 3792 6.
237 3749 260 3792 3.
272 3759 297 3806 p.
311 3749 349 3792 69.
362 3756 416 3791 nou
427 3741 532 3790 dubitat.

186 3808 254 3868 §tt
277 3808 399 3874 conchylio
417 3816 439 3857 et
450 3807 520 3872 pisce
536 3805 618 3869 nobili,
631 3810 817 3859 codd.Barbar.
838 3849 869 3857 -
894 3809 1046 3869 Volturnum,
1061 3808 1095 3857 A.
1121 3806 1272 3869 Vulturnum,

152 3872 221 3939 ᾱβγ.
244 3873 377 3937 Wturnum,
390 3877 421 3926 R.
433 3917 463 3924 ..
473 3872 583 3936 Literna,
594 3876 619 3924 Β
631 3873 657 3937 (o
669 3891 702 3925 ex
714 3873 790 3937 corr.)
804 3916 835 3923 -
855 3873 946 3936 (lurae,
957 3890 981 3924 a.
999 3892 1028 3925 cu
1041 3873 1110 3936 baec,
1122 3877 1153 3925 Β.
1164 3915 1198 3925 -
1209 3872 1272 3925 Bal·

151 3940 309 4004 cltr'deasium,
321 3945 354 3992 Β.
373 3984 404 3991 -
422 3940 557 4004 Baiarum,
569 3944 631 3993 BA.
651 3944 782 4004 barbarus,
794 3944 845 3992 Τὰ.
866 3984 897 3992 .-
918 3941 1056 4003 Cinariam,
1068 3956 1093 3992 a.
1113 3983 1145 3992 -
1167 3941 1272 4003 Posui,

151 4008 175 4056 Β
185 4010 200 4056 ¹.
215 4049 246 4056 -
258 4009 363 4071 colonia,
375 4009 455 4058 R2A.
469 4008 570 4071 colonia,
581 4012 606 4060 Β
617 4013 631 4059 ¹.
649 4009 731 4072 coloci,
744 4012 767 4059 d.
782 4051 812 4058 ..
824 4009 1006 4071 Dicaeareltea,
1017 4009 1072 4059 Rd.
1089 4009 1272 4071 Dicaearoaea,

151 4073 184 4122 A.
202 4071 379 4137 Dicaearctia,
390 4071 440 4139 βγ.
460 4117 490 4124 ..
507 4087 560 4141 post
572 4093 642 4141 quae,
653 4078 687 4127 A.
707 4118 739 4126 -
755 4075 880 4141 Pleproer',
892 4077 925 4126 A.
942 4075 1029 4143 plepei,
1042 4080 1066 4127 d.
1076 4076 1183 4141 stepaei,
1195 4079 1229 4128 Β.

184 4142 252 4203 562.
273 4138 479 4203 Calchidenoium,
490 4145 522 4192 Β.
537 4184 567 4192 ..
584 4142 775 4205 Herculaneum,
787 4145 820 4194 A.
839 4142 1027 4205 Herculanium,
1039 4141 1142 4207 Russr.
1157 4184 1190 4194 ..
1202 4143 1270 4195 Potn-

148 4206 196 4272 pei,
212 4207 245 4257 A.
266 4247 296 4257 ..
321 4217 438 4272 spectoto,
456 4210 488 4258 A.
519 4219 664 4272 expectante,
681 4212 754 4262 noo.
782 4211 947 4276 adspectante,
964 4225 988 4274 γ.
1016 4219 1147 4276 spectante,
1162 4212 1231 4263 Pint.
1241 4205 1269 4272 β.
