2714 4710
582 312 771 357 nmmo.
1149 317 1241 362 xuvn

111 479 181 523 rum
194 478 339 522 numerus
351 462 432 540 apud
445 459 575 523 Plinium
595 482 648 541 per
667 465 759 543 ipsius
780 465 875 543 operis
893 472 1030 526 naturam
1043 469 1139 545 magis
1151 470 1240 530 etiam

112 589 206 647 quam
224 572 306 648 apud
323 571 436 630 multoe
455 571 530 631 alios
552 573 709 650 scriptores
726 583 887 650 augeretur
904 592 1025 635 neeesse
1038 574 1106 636 luit.
1126 577 1240 637 Partim

112 681 194 740 cuim
205 680 324 740 numeri
334 681 463 740 maxime
476 681 507 741 in
520 682 667 759 prioribus
680 683 764 744 libris
782 683 863 744 obvii
874 683 986 744 multos
1000 703 1116 744 amores
1129 702 1240 761 genua-

111 795 195 864 rnnt,
217 807 256 848 ex
276 807 336 865 quo
350 807 457 866 genere
471 796 568 849 ortam
581 809 671 850 unam
684 791 839 852 ridiculam
853 793 1108 870 interpolationem
1122 797 1241 856 clemens

113 898 345 958 commemoravi
365 899 405 957 ad
422 899 553 958 codicem
573 898 605 958 V
623 895 708 980 (0011.
723 899 889 961 Taschuck.
908 907 970 961 not.
990 903 1055 961 crit.
1076 902 1116 961 ad
1128 902 1241 962 Melam

92 1007 156 1068 u.
177 1001 210 1081 3,
232 998 290 1086 1.)‚
315 1008 425 1084 partim
445 1008 565 1067 nomina
583 1010 716 1086 propria,
740 1011 870 1069 maxime
888 1012 1096 1088 geographica,
1120 1013 1242 1072 nomina

114 1115 275 1177 nubam
288 1122 318 1174 et
331 1115 463 1193 lapidum
476 1116 601 1176 librariis
615 1118 764 1194 incognita
777 1137 828 1178 eos
841 1120 971 1196 primum
985 1120 1024 1178 ad
1038 1137 1165 1193 errores,
1175 1090 1240 1180 tur'n
1297 1140 1298 1145 ¹

115 1227 153 1286 ad
165 1225 407 1303 interpolationes
421 1225 621 1297 deduxerunt3
643 1235 674 1285 et
690 1225 760 1287 illos
781 1228 900 1304 quidem
914 1245 975 1286 non
988 1229 1038 1288 diu
1050 1222 1119 1306 po'st
1132 1229 1240 1289 editam

115 1335 280 1395 naturalem
299 1333 452 1393 historiam
470 1334 541 1393 oriri
564 1335 695 1412 coepisse
719 1335 764 1394 illi
787 1337 974 1414 potissimum
1000 1337 1170 1413 scriptores,
1195 1338 1239 1398 uti

115 1443 267 1520 Ziaglerus
287 1460 404 1519 quoque
424 1443 455 1501 in
473 1442 653 1520 praefatione
671 1445 710 1503 ad
731 1447 892 1504 secundum
911 1444 1002 1504 Plinii
1022 1447 1132 1506 librum
1156 1445 1239 1520 vidit,

115 1553 232 1625 docent,
252 1550 305 1629 qui
321 1552 497 1612 vetustiores
517 1553 651 1611 omnibus
671 1554 779 1612 nostris
797 1554 944 1612 codicibus
964 1553 1185 1629 antiquissimos
1203 1555 1240 1614 li·
1334 1556 1340 1563 '

114 1662 183 1722 bros
197 1661 282 1720 adire
294 1667 465 1738 potuerunt,
479 1661 523 1720 uti
533 1659 653 1720 Solinus
664 1654 748 1739 (noll.
761 1659 889 1719 Salmas.
901 1679 996 1718 exerc.
1008 1679 1040 1736 p.
1052 1655 1125 1721 170.
1135 1665 1164 1722 b.
1176 1658 1239 1738 Β.),

114 1768 280 1830 munus
299 1766 433 1846 Capella,
453 1769 569 1827 Plinius
583 1767 774 1838 Valerianus,
795 1766 939 1857 Isidorus,
959 1765 1068 1826 Dicuil.
1094 1767 1142 1827 Ita
1162 1769 1241 1843 quod

116 1868 235 1938 Plinius
249 1875 281 1951 2,
297 1873 370 1939 180.
386 1859 504 1954 scripsit
517 1875 660 1949 Arbelum,
680 1895 741 1935 una
760 1876 849 1935 modo
869 1892 975 1937 manus
988 1878 1119 1936 secunda
1133 1877 1240 1937 codicis
1300 1910 1304 1914 ·

113 1987 145 2048 *R
163 1988 306 2060 mavit,
327 2005 396 2046 eum
415 1986 504 2046 ceteri
522 2002 622 2044 omnes
643 1984 710 2044 libri
730 2005 798 2045 cum
816 1986 966 2046 Martiano
987 1986 1144 2047 exhibeant
1156 1986 1238 2048 Arc-

114 2097 187 2156 hiam
194 2119 207 2165 ,·
221 2092 253 2168 8,
267 2092 321 2156 40:
347 2094 468 2156 Solinus
488 2095 607 2171 quidem
625 2074 799 2172 scripturam
818 2095 950 2155 omnium
964 2095 1095 2156 codicum
1109 2083 1238 2174 iaperam

113 2206 277 2277 confirmat,
298 2224 388 2281 quam
406 2223 466 2264 non
479 2205 646 2270 Plinianam
660 2223 724 2264 esse
737 2224 824 2283 posse
837 2206 898 2264 iam
911 2204 1048 2265 Muretus
1063 2210 1093 2263 et
1106 2201 1142 2265 Ο.
1157 2202 1238 2266 Ges·

112 2332 201 2374 nems
214 2320 277 2374 tam
290 2333 329 2373 ex
342 2315 386 2373 rci
399 2320 516 2387 natura,
528 2331 617 2389 quam
632 2333 670 2373 ex
679 2314 852 2373 Aristotelis
862 2314 1030 2373 testimonio
1041 2315 1238 2374 ostenderunt.

112 2421 170 2483 Cui
188 2423 391 2499 depravationi
409 2424 504 2500 magis
523 2423 676 2498 magisque
694 2423 822 2500 serpenti
839 2422 898 2481 iarn
913 2421 1086 2481 cassiodori
1105 2430 1238 2500 tempore

111 2534 237 2609 ipsoque
262 2541 381 2591 auctore
408 2532 599 2591 occurrebant
619 2527 705 2612 (vide
732 2549 809 2607 quae
830 2532 916 2591 docte
940 2539 971 2590 et
991 2531 1142 2607 eleganter
1161 2532 1238 2593 banc

111 2643 143 2700 in
162 2659 226 2700 reru
245 2641 405 2718 disputavit
424 2639 571 2701 Ollaria
590 2641 622 2698 in
640 2641 717 2699 libro
735 2637 857 2700 Parisiis
879 2636 971 2701 1841.
994 2639 1087 2700 edito:
1120 2641 1236 2703 Cossio-

112 2752 180 2810 dore
205 2760 403 2810 conservatam·
427 2753 462 2808 de
486 2744 651 2826 l’anttquitc'
672 2746 807 2827 Latine);
836 2756 866 2808 et
889 2751 919 2809 in
945 2751 1136 2828 scriptoribus
1160 2753 1237 2810 hanc

112 2877 214 2919 euram
227 2860 356 2936 expertis
368 2858 500 2918 Plinium
520 2860 608 2917 etiam
627 2858 718 2918 fuisse
736 2878 803 2918 cum
817 2878 872 2936 per
886 2878 918 2918 se
932 2867 978 2919 est
991 2859 1153 2936 probabile,
1164 2866 1236 2927 ,tum

113 2983 174 3026 nou
191 2967 288 3045 inepte
307 2967 378 3026 mihi
396 2967 497 3028 videor
516 2967 652 3044 colligere
665 2986 703 3026 ex
716 2951 928 3042 subscriptione
941 2967 1011 3024 libri
1023 2967 1080 3024 IV.
1094 2966 1125 3024 in
1138 2968 1236 3026 codice

112 3075 144 3134 A
171 3077 231 3136 iam
255 3095 347 3154 supra
374 3083 615 3136 commemorata:
652 3076 786 3134 Felicitas·
810 3075 914 3134 Iunias
937 3073 1111 3132 Laureacua
1135 3071 1234 3152 relect,

112 3203 198 3261 quae,
218 3187 265 3245 uti
278 3186 334 3245 hoc
348 3195 378 3245 et
396 3187 428 3245 in
446 3186 511 3244 aliis
530 3178 722 3260 scriptoribus
742 3182 853 3241 iactum
873 3182 993 3254 scimus,
1014 3199 1053 3242 ex
1065 3201 1124 3242 uno
1139 3184 1235 3244 codice

112 3296 144 3354 iu
161 3294 290 3354 alterum
310 3295 487 3370 transcripta
507 3302 538 3353 et
558 3300 722 3369 propagata
744 3292 887 3350 maiorem
911 3298 1087 3352 vetustatem
1110 3293 1234 3366 redolet,

112 3420 202 3478 quam
225 3403 275 3462 cui
301 3404 394 3463 codex
417 3402 469 3462 ille
487 3402 518 3460 A
537 3407 582 3460 est
605 3401 786 3461 tribuendus.
813 3401 870 3460 His
894 3409 992 3460 tamen
1017 3403 1234 3464 accensionibus

112 3512 207 3572 multo
225 3512 368 3571 arctiores
388 3512 462 3571 fines
481 3510 588 3583 luisse,
614 3528 703 3586 quam
720 3529 815 3588 nuper
841 3511 920 3569 credi
939 3517 1078 3588 coeptum
1096 3519 1156 3585 est,
1181 3511 1235 3571 illa

112 3620 175 3698 ipsa
194 3620 374 3698 subscriptio
394 3621 425 3699 in
446 3617 543 3680 codice
560 3616 652 3678 Plinii
673 3619 774 3694 docet,
800 3604 830 3679 et
854 3622 982 3680 verbum
1006 3622 1094 3697 calepi
1116 3619 1234 3695 egregie

112 3729 267 3789 confirmat
280 3747 316 3789 ea
331 3747 406 3806 quae
419 3731 456 3788 de
469 3731 526 3789 hac
538 3747 571 3788 re
584 3728 742 3788 Iahnius
755 3746 839 3789 meus
857 3729 888 3788 in
907 3728 1087 3806 praelatione
1100 3726 1234 3787 editionis

111 3839 213 3898 tertiae
226 3838 346 3898 Horatii
360 3838 406 3897 sui
419 3838 514 3896 sobrie
527 3835 675 3896 dissonuit.
696 3835 823 3895 Latioris
843 3836 906 3895 sine
923 3836 1013 3895 dubio
1027 3837 1154 3896 ambitus
1168 3835 1234 3896 lue·

110 3954 180 4007 runt
192 3946 263 4007 illae
277 3966 330 4008 seu
349 3947 567 4006 emendationes
582 3963 635 4004 seu
647 3943 898 4020 interpolationes,
917 3963 991 4021 quas
1012 3946 1131 4005 saeculo
1144 3944 1231 4018 XH.,

111 4073 170 4131 qua
183 4063 282 4116 aetate
302 4058 393 4116 verba
405 4054 496 4114 Plinii
508 4053 566 4112 iam
580 4051 799 4129 corruptissima
813 4052 1100 4126 circumferebantur,
1119 4053 1232 4114 Robor-
1294 4060 1303 4069 ”

112 4171 159 4225 tus
172 4168 267 4228 abbas
281 4147 482 4226 Thorinieusis
497 4159 679 4246 (Thorigny)
692 4162 725 4221 in
739 4159 841 4222 Gallia
854 4181 887 4224 se
904 4163 934 4223 in
948 4163 1075 4224 codicem
1089 4163 1231 4224 naturalis
1280 4151 1283 4156 “
