2714 4710
161 251 223 315 358
509 265 714 310 sarsurus
736 262 932 310 ursromsn

161 416 297 482 xondria
317 437 452 479 nsxxxv
473 437 498 478 n
519 435 551 498 p.
581 412 623 478 In
644 423 770 477 tantum
792 434 938 478 erravere
961 432 1059 498 supra
1080 411 1208 498 scripti.
1240 411 1289 476 lbi

161 517 375 603 Aethiopicae
398 514 593 580 conveniunt
613 536 729 591 naves3
751 535 891 598 namque
913 535 967 578 eas
988 511 1149 599 plicatiles
1172 512 1289 578 umeris

163 617 370 694 transferunt,
393 616 541 699 quotiens
563 615 605 679 ad
626 624 819 680 catarractas
841 623 974 680 ventum
995 623 1054 679 est.
1120 646 1129 655 s

207 720 257 783 11.
280 717 454 805 Aegyptus
474 738 571 802 super
591 725 730 781 ceteram
749 715 949 798 antiquitatis
968 714 1105 803 gloriam
1126 737 1177 779 xx
1191 736 1217 777 nr
1237 736 1289 781 ur·
1301 735 1326 779 co

162 820 252 887 bium
279 819 340 884 sibi
361 819 482 883 Amase
510 827 665 904 regnante
690 815 836 882 habitata
861 815 1021 903 praefert,
1050 838 1139 881 nunc
1162 837 1289 901 quoque

162 920 271 984 multis
286 919 412 985 etiamsi
426 917 623 1005 ignobilibus
638 918 801 1001 frequens.
830 915 1044 984 Celebrantur
1060 928 1173 983 tamen
1186 917 1288 1003 Apol·

162 1022 247 1100 linis,
269 1043 345 1086 mox
365 1019 582 1097 Leucotheae,
605 1018 769 1104 Diospolis
790 1043 920 1107 magna,
943 1020 1055 1085 eadem
1079 1018 1195 1084 Thebe
1216 1042 1288 1105 por·

165 1135 269 1188 tarum
283 1133 413 1189 centum
427 1121 543 1187 nobilis
558 1121 656 1198 fama,
675 1118 799 1206 Coptos
812 1120 998 1186 Indicarum
1009 1121 1290 1205 Arabicarumqu'e

163 1225 318 1292 mercium
338 1223 412 1289 Nilo
438 1246 628 1308 proxumum
655 1223 850 1309 emporium,
876 1246 952 1288 mox
972 1223 1115 1289 Veneris
1137 1223 1291 1309 oppidum

166 1337 199 1392 et
223 1328 342 1392 iterum
363 1324 450 1390 Iovis
473 1345 511 1388 ac
532 1322 702 1407 Tentyris,
731 1324 817 1389 infra
838 1325 926 1408 quod
945 1324 1088 1410 Abydus
1109 1323 1290 1391 Memnonis

164 1428 255 1515 regia
276 1437 309 1492 et
330 1425 436 1490 Osiris
460 1423 578 1510 templo
600 1424 774 1501 inclutum,
803 1447 852 1489 vn
873 1447 899 1489 n
919 1446 1013 1490 cccco
1034 1448 1068 1510 p.
1097 1425 1134 1491 in
1152 1424 1290 1512 Libyam

165 1539 323 1594 remotum
344 1550 364 1590 a
384 1525 525 1590 flumine.
555 1525 643 1591 Dein
660 1524 835 1591 Ptolemais
859 1538 893 1592 et
906 1526 1081 1613 Panopolis
1104 1550 1142 1592 ac
1156 1526 1323 1593 Venerios

165 1631 283 1696 iterum
304 1639 337 1695 et
357 1629 392 1693 in
413 1626 541 1712 Libyco
562 1625 692 1711 Lycon,
719 1626 776 1693 ubi
797 1638 922 1693 montes
942 1628 1059 1693 finiunt
1081 1627 1288 1694 Thebaidem.

167 1731 223 1797 Ab
245 1731 285 1795 iis
307 1729 426 1816 oppida
441 1727 596 1806 Mercuri,
618 1726 824 1805 Alabastros,
849 1727 975 1792 Canum
996 1739 1030 1794 et
1052 1751 1154 1815 supra
1175 1729 1290 1795 dictum

167 1833 330 1900 Herculis.
351 1831 481 1897 Deinde
496 1830 635 1896 Arsinoe
656 1854 695 1896 ac
713 1831 778 1895 iam
797 1830 884 1896 dicta
897 1829 1076 1917 Memphis,
1100 1833 1187 1906 inter
1200 1855 1292 1917 quam

169 1944 202 1999 et
222 1933 410 1998 Arsinoiten
430 1954 549 1998 nomon
569 1933 603 1996 in
623 1931 751 2016 Libyco
779 1942 882 1997 turres
911 1955 993 2016 quae
1020 1933 1210 2018 pyramides
1236 1956 1289 2000 vo·

169 2043 299 2111 cantur,
331 2032 534 2117 labyrinthus
562 2033 604 2096 ad
632 2032 789 2099 Moeridis
817 2035 923 2099 lacum
950 2034 1038 2100 nullo
1067 2035 1181 2101 addito
1208 2037 1291 2124 ligno

170 2134 399 2200 exaedificatus
423 2144 455 2200 et
477 2133 632 2220 oppidum
655 2131 794 2199 Crialon.
830 2133 941 2200 Unum
962 2146 1134 2222 practerea
1153 2137 1241 2202 intus
1261 2146 1292 2202 ct

128 2224 137 2239 ’
168 2234 312 2302 Arabiae
334 2235 566 2302 conterminum
588 2234 740 2301 claritatis
762 2258 909 2323 magnae,
937 2233 1024 2302 Solis
1045 2237 1210 2324 oppidum.

211 2336 257 2402 X.
282 2335 350 2403 Sed
370 2336 440 2402 iure
461 2336 611 2402 laudetur
632 2335 667 2398 in
686 2336 779 2402 litore
793 2334 952 2423 Aegyptii
975 2338 1073 2403 maris
1096 2337 1329 2404 Alexandriae

171 2463 191 2503 a
210 2461 328 2526 magno
347 2437 534 2503 Alexandro
557 2435 686 2503 condita
706 2436 741 2500 in
754 2434 888 2501 Africae
909 2447 1001 2523 parte
1024 2438 1066 2503 ab
1084 2439 1167 2509 ¹ostio
1184 2435 1290 2506 Cano-

204 2612 350 2664 DLXXX
354 2610 383 2671 V,
392 2604 554 2661 RDOTdc.
566 2607 715 2670 DLXXX,
726 2623 770 2677 ay.
782 2606 928 2660 DLXXX
931 2609 977 2672 VI,
986 2605 1016 2672 β.
1028 2608 1223 2675 DGCLXXX,
1231 2615 1291 2664 For.

170 2682 248 2742 bigcr,
266 2677 406 2729 Handbuch
423 2677 467 2726 der
478 2676 522 2727 alt.
539 2673 627 2740 Geoyr.
646 2683 668 2738 l,
681 2683 738 2727 392.
758 2718 790 2727 ..
807 2676 976 2742 Aethiopicae,
987 2680 1078 2731 Da2d.
1095 2680 1248 2746 Aethiopiae,
1260 2681 1292 2732 ah

292 2773 303 2800 r
459 2800 461 2805 .

170 2811 309 2878 Aethiopia,
320 2813 352 2862 R.
365 2852 397 2862 ...
415 2811 562 2873 conueniant,
575 2829 597 2863 a.
617 2812 732 2874 eveniant,
744 2814 776 2862 R.
795 2814 932 2876 aesculum,
944 2817 976 2864 D.
995 2815 1103 2878 veniunt,
1114 2819 1138 2867 d.
1151 2857 1182 2866 -
1200 2817 1293 2878 amera,

171 2885 207 2932 a'2.
225 2881 338 2943 hameris,
351 2883 395 2931 ΚΞ.
413 2879 505 2940 similes,
518 2882 551 2929 D.
569 2879 680 2941 humiles,
692 2882 770 2930 ΒΨ.
789 2890 811 2930 et
821 2881 933 2943 humiles,
945 2885 996 2933 Td.
1016 2923 1049 2932 ..
1068 2883 1181 2946 qaoffens,
1193 2886 1229 2935 D.

205 2948 219 3011 ξ
234 2957 274 3000 60.
290 2949 432 3016 Aeqyptias,
443 2950 477 2998 D.
495 2949 609 3011 Sumpsit
620 2950 684 2997 hacc
695 2946 762 2998 Plin.
776 2964 809 2998 ex
819 2951 890 2999 Mela
900 2951 921 3000 1.
935 2956 959 3011 9,
973 2955 996 2999 9.
1010 2991 1043 2998 -
1060 2951 1128 3001 XX.
1140 2951 1178 3002 M.
1191 2952 1292 3013 arbium,

170 3019 274 3069 Barbar.
294 3058 326 3068 ..
345 3019 398 3077 sibi,
413 3016 562 3067 RDSTad
579 3013 671 3078 (Rob.)
694 3015 736 3076 ibi,
747 3017 780 3065 K.
799 3057 830 3066 -
848 3016 972 3079 Ammase,
984 3018 1047 3067 RD.
1070 3017 1206 3081 Ammosse,
1222 3022 1246 3069 d.
1264 3059 1293 3069 .-

168 3087 289 3151 praefert,
311 3087 349 3135 ad
370 3082 460 3147 (nob.)
481 3083 612 3148 profferri,
629 3085 692 3134 RD.
711 3124 742 3132 ..
766 3082 846 3143 maiis,
862 3086 895 3134 R.
914 3125 946 3133 -.
964 3085 1066 3147 etiamsi,
1083 3087 1183 3138 RDad
1203 3083 1292 3150 (Rob.)

171 3154 245 3203 etiam
262 3170 313 3214 non,
331 3154 362 3202 T.
381 3194 413 3201 ..
435 3150 600 3213 Celebrantur,
616 3152 767 3201 RDTadr.
796 3147 949 3212 Celebratar,
965 3149 1017 3217 βγ.
1036 3194 1069 3203 -
1091 3171 1145 3203 more
1158 3192 1189 3201 -
1204 3164 1294 3204 centum

172 3235 223 3269 om.
236 3222 280 3269 Rh
301 3260 332 3268 -
350 3217 491 3280 Leucothoe,
504 3234 528 3268 σ.
547 3259 579 3268 ..
598 3227 619 3268 et
634 3217 771 3282 Diospolis,
787 3219 843 3270 Dd.
863 3261 895 3269 -
912 3219 1007 3280 nobilis,
1026 3236 1076 3270 om.
1093 3223 1125 3271 R.
1144 3262 1176 3270 ..
1199 3222 1294 3285 Coptos,

171 3288 238 3336 Pint.
254 3288 302 3338 Da
323 3284 409 3348 (codd.
429 3285 531 3349 Gelan.)
552 3286 647 3351 Copios,
664 3288 696 3336 R.
723 3283 860 3350 Copiarum,
878 3290 901 3337 d.
925 3329 957 3337 ..
980 3297 1003 3338 et
1024 3289 1108 3338 iterum
1122 3329 1154 3338 ..
1172 3288 1294 3354 Tentyris,

170 3355 324 3485 parbarc-
341 3352 450 3482 Apidos,
466 3355 499 3404 R.
527 3353 622 3416 auidas,
634 3354 668 3403 D.
687 3395 719 3403 -
738 3354 859 3416 inclutum,
875 3355 938 3406 RD.
958 3395 990 3405 -
1015 3354 1136 3406 V11.M.
1152 3353 1188 3419 D,
1200 3358 1294 3410 RDad

185 3424 256 3471 codd.
296 3422 358 3470 olen.

205 3488 220 3549 ξ
234 3496 273 3539 61.
290 3487 431 3547 Ptolomais,
447 3489 472 3538 R
484 3487 530 3551 (cx
543 3485 619 3550 corr.)
639 3529 670 3539 ..
687 3488 842 3553 Panopolis,
853 3492 897 3541 nt
917 3531 949 3538 -
966 3489 1061 3554 Libyco
1076 3489 1167 3555 Lycon,
1180 3507 1204 3540 a.
1226 3490 1294 3541 Libi-

171 3573 222 3618 con,
234 3558 318 3607 RDd.
332 3597 363 3605 -
373 3555 503 3621 finiantur,
515 3559 539 3606 d.
552 3595 583 3605 .-
607 3555 740 3619 Thebaide,
751 3559 786 3609 D.
799 3599 831 3607 ..
849 3557 894 3617 his,
907 3560 930 3608 d.
943 3597 975 3607 -
993 3556 1156 3619 Alabastros,
1166 3558 1294 3610 DSTad.

171 3623 315 3685 Alabastro,
332 3625 364 3673 R.
388 3664 420 3672 .-
442 3622 556 3685 Arsinoe,
574 3641 596 3673 a.
622 3623 749 3686 Arsinoes,
766 3627 811 3674 do.
836 3625 963 3686 Arsinoes,
979 3626 1043 3675 RD.
1066 3667 1098 3675 -
1122 3642 1153 3675 ae
1169 3627 1229 3688 ίαηι,
1246 3629 1295 3677 Ra.

172 3694 259 3753 ceiam,
270 3694 303 3742 D.
323 3691 389 3751 acia,
402 3694 425 3740 d.
445 3700 467 3739 et
479 3691 536 3752 iam,
548 3687 598 3755 βγ.
616 3732 648 3740 ..
666 3690 909 3754 Ανεὶηοίῑεπ“ηουιοη,
920 3694 1024 3742 Barbar.
1036 3695 1134 3743 RDad
1145 3694 1191 3744 N².
1209 3691 1295 3743 Arsia·

172 3760 237 3809 niten
250 3776 344 3820 nomon,
356 3759 401 3809 nit
424 3759 569 3808 Arsinoiten
583 3774 686 3819 nemeen,
698 3774 722 3809 σ,
742 3802 773 3809 ..
792 3759 835 3822 ad,
852 3762 919 3811 Pint.
938 3771 963 3811 ct
980 3763 1092 3811 Bunscn.
1104 3761 1122 3812 l.
1134 3761 1152 3810 l.
1162 3776 1187 3824 p.
1202 3767 1244 3811 90.
1266 3769 1295 3821 et,

171 3828 298 3878 R¹DST.
318 3828 416 3886 est,R'².
441 3836 478 3876 est
493 3826 579 3891 et,N,¹.
603 3827 635 3887 in,
653 3823 786 3892 N²adssyc
806 3869 837 3877 ..
856 3827 985 3890 Moeridis,
1001 3824 1105 3878 Barbar.
1124 3845 1146 3879 a
1173 3826 1294 3892 Myrinis,

171 3895 281 3945 DSTd.
300 3893 428 3958 Myridas,
441 3896 472 3943 R.
497 3892 607 3956 Miriah's,
618 3896 650 3946 N.
673 3895 793 3955 Maridis,
806 3897 856 3946 alia
867 3898 972 3946 Barbari
984 3897 1138 3945 coniectura.
1157 3935 1190 3944 ..
1210 3893 1295 3954 lama,

173 3962 227 4011 ST.
240 3962 302 4020 lacn,
314 3957 478 4026 R'Dadssr.
493 3962 571 4023 loeas,
580 3964 625 4012 3².
639 4004 671 4012 ..
687 3961 805 4025 Crialoln,
814 3967 846 4018 R.
867 3963 1017 4023 Crocodilon,
1026 3965 1106 4014 Hurd.
1119 4003 1151 4012 ..
1164 3961 1294 4024 Melicae.

206 4032 220 4091 ξ
234 4035 274 4079 62.
293 4030 418 4091 laudatar,
430 4031 505 4080 RDa
516 4028 607 4092 (Rob.)
627 4029 749 4092 landetur,
762 4033 815 4081 Td.
834 4073 866 4081 -
884 4032 955 4092 loeas,
967 4034 992 4083 R
1001 4026 1102 4081 ODad.
1123 4029 1204 4090 locas,
1216 4026 1245 4092 β.
1264 4070 1294 4079 .-

173 4105 251 4157 αηιεα,
268 4090 319 4146 θΙ)
327 4114 349 4146 a.
363 4113 440 4157 anea,
452 4099 497 4147 Rt
516 4108 578 4156 aare,
590 4100 686 4150 R²Td
698 4139 730 4149 ..
742 4098 870 4160 Rhacotes,
882 4101 1000 4150 Parrhas.
1012 4102 1080 4162 apud
1091 4099 1169 4161 Pint,
1185 4093 1215 4149 θ.
1227 4098 1293 4149 Arc·

169 4172 244 4227 potes,
253 4159 439 4224 RDN²a²dA
458 4163 559 4230 hipotes,
572 4166 618 4216 Na
635 4167 767 4231 Erapotes,
776 4170 803 4216 a'
815 4165 916 4230 (omnes
929 4170 1001 4218 codd.
1014 4183 1055 4231 ap.
1065 4168 1141 4218 Surit.
1154 4168 1188 4217 ad
1196 4168 1293 4218 Antan.

173 4231 252 4286 itiner.
265 4246 289 4294 p.
304 4230 356 4294 73.)
376 4272 406 4279 -
425 4231 584 4293 Dinochares,
596 4235 664 4289 Dad
682 4233 751 4297 (libri
763 4235 880 4285 meliores
892 4251 933 4299 ap.
946 4235 1052 4287 Salmas.
1066 4250 1148 4286 exerc.
1162 4250 1187 4300 p.
1202 4239 1258 4287 571.
1270 4251 1292 4285 a.
