2714 4710
573 362 764 409 rutarum.
1123 369 1228 412 LXXXI

100 517 231 578 videant.
253 515 351 577 Multa
370 515 498 577 fortasse
517 533 565 577 me
584 517 689 578 mellus
707 518 779 577 dare
798 518 945 596 potuisse,
966 518 993 579 si
1013 519 1122 580 diutim
1139 522 1228 581 etiam

101 644 179 706 opus
191 627 224 686 in
237 626 353 687 scriniis
364 626 438 686 meis
452 643 628 700 servassem,
641 626 706 705 ipse
719 627 827 706 optime
841 628 902 688 acio
916 645 1013 707 neque
1026 629 1146 707 imeras
1162 647 1229 691 aum

100 733 327 797 Lobeckium
346 752 448 797 omnes
467 735 623 797 festinasse
643 737 750 812 dicere,
776 754 902 816 quorum
921 737 970 798 alii
990 737 1059 800 libri
1078 745 1230 800 exstarent

100 854 220 926 praeter
231 853 402 924 postumoa3
416 851 449 906 at
460 845 538 906 idem
552 843 748 907 Goetbium
762 846 858 907 dicere
872 848 1004 923 memini,
1017 866 1126 925 magno
1139 848 1229 909 alicui

100 962 133 1015 et
145 953 313 1034 perplures
327 953 464 1032 deinceps
478 973 572 1016 annos
590 962 717 1016 mactato
734 957 816 1035 operi
829 957 948 1018 tandem
966 957 1126 1033 aliquando
1139 959 1228 1018 linem

99 1064 312 1143 imponendum
325 1081 400 1124 esse.
422 1062 459 1123 Id
472 1070 552 1124 certe
564 1082 611 1124 me
621 1064 806 1143 praestitisse
818 1072 902 1144 puto,
916 1075 951 1126 ut
962 1065 1021 1126 iam
1030 1067 1120 1127 Plinii
1134 1068 1228 1128 oratio

101 1180 184 1234 certo
193 1173 385 1259 fundamento
394 1171 517 1246 nitatur,
531 1174 609 1233 unda
622 1181 687 1235 tuto
700 1175 839 1253 progredi
847 1175 955 1254 possis,
968 1182 1004 1235 ut
1017 1176 1055 1236 sit
1068 1176 1227 1254 cognitum,

101 1284 175 1362 qnid
188 1283 345 1355 codicibus,
369 1281 441 1359 quid
454 1283 628 1344 coniecturis
643 1283 774 1345 virorum
788 1283 943 1346 doctorum
956 1286 1107 1360 debeatur,
1128 1291 1164 1347 ut
1182 1285 1229 1345 di·

101 1400 189 1454 scant
206 1390 349 1470 plurimas
372 1409 460 1452 voces
478 1398 510 1452 et
530 1392 693 1454 locutiones
714 1411 792 1471 quae
816 1411 895 1456 nunc
919 1395 951 1455 in
970 1394 1072 1456 lexicis
1092 1392 1142 1454 vel
1163 1393 1229 1454 aliia

20 1496 26 1503 ’
99 1503 185 1564 libris
202 1510 239 1562 ut
249 1499 403 1562 Plinianae
421 1499 666 1562 circumferuntur
683 1503 752 1562 inde
771 1502 926 1564 eiiciendae
941 1521 1021 1579 esse,
1040 1503 1110 1580 quia
1129 1503 1228 1563 conie-

101 1610 195 1674 ctmie
212 1611 406 1684 debebantur,
424 1627 501 1686 quae
514 1617 568 1671 aut
580 1593 751 1671 maliombus
770 1611 902 1672 codicum
919 1613 1072 1690 scripturis
1089 1612 1229 1672 cederent

102 1721 235 1800 oportuit
253 1725 305 1781 aut
322 1727 402 1780 carte
413 1721 530 1797 magnis
549 1720 779 1781 dubitationibus
793 1721 938 1782 obnoxiae
952 1727 1036 1779 erant
1040 1736 1050 1790 3
1071 1720 1145 1779 etin
1158 1719 1227 1778 nni·

91 1848 224 1892 ··versum
236 1829 268 1891 id
280 1831 318 1890 de
330 1846 379 1895 me
393 1828 538 1908 spondere
549 1846 686 1910 possum,
708 1848 756 1890 me
768 1835 804 1890 ut
816 1847 892 1908 opus
913 1837 996 1889 tanta
1013 1846 1116 1908 regum
1130 1844 1228 1904 angu-

102 1939 301 2001 stissimorum
320 1939 516 2000 mmieeanea
536 1947 567 2000 et
584 1940 802 2019 exspectatione
821 1937 971 2000 hominum
990 1938 1144 2000 doctorum
1163 1938 1228 1999 sine

102 2068 173 2110 mea
186 2049 275 2128 culpa
286 2066 341 2129 per
352 2048 469 2127 lougius
478 2049 619 2128 temporis
632 2048 758 2127 spatium
772 2048 856 2110 elusa
869 2067 928 2109 non
938 2065 1059 2128 prorsus
1073 2048 1227 2125 indignum

101 2159 274 2238 perficerem
287 2176 436 2220 summum
450 2158 530 2235 quod
542 2158 626 2238 potui
638 2159 766 2219 studium
779 2158 968 2238 impendisse.

146 2292 316 2355 &mbebm
329 2293 488 2355 Dresdae
502 2293 597 2371 pridie
610 2291 752 2353 kalendas
766 2291 884 2370 Apriles
901 2289 1173 2353 MDCCCXLVII.

563 2491 767 2500 m

143 2683 233 2746 Hanc
253 2683 467 2763 praefationem
484 2683 603 2744 editioni
621 2700 703 2743 meae
722 2679 813 2742 Plinii
826 2678 955 2744 Secundi
973 2666 1225 2757 praemittendam,

102 2812 193 2869 quam
212 2812 292 2855 nnnc
305 2791 403 2866 TIBI,
423 2793 519 2853 lector
531 2791 687 2867 benevole,
706 2792 811 2870 paucis
825 2792 858 2854 in
871 2791 944 2851 locis
965 2789 1014 2850 vel
1033 2796 1152 2849 aucum
1176 2786 1226 2848 vel

100 2905 289 2964 immutatam
302 2903 420 2976 tradidi,
435 2908 592 2981 postquam
605 2908 675 2962 ante
688 2908 749 2962 tres
763 2908 794 2962 et
806 2900 886 2978 qnod
901 2897 1030 2959 excurrit
1043 2915 1136 2958 annos
1150 2897 1226 2958 scri·

101 3030 232 3091 psoram,
249 3013 468 3090 redemptorem
477 3013 577 3092 ,operis
592 3029 664 3072 sane
683 3011 775 3088 ampli
793 3026 850 3069 nec
869 3009 933 3068 sine
953 3004 1068 3081 magnis
1084 3004 1227 3081 impensis

102 3122 280 3200 msciptendi
293 3139 438 3198 quaerere
452 3121 544 3199 coepi.
558 3120 603 3180 At
615 3118 714 3180 evenit
723 3117 803 3194 quod
812 3116 878 3177 iore
887 3113 1101 3194 praevideram.
1116 3112 1226 3173 Plures

103 3248 178 3305 quos
195 3230 334 3309 deinceps
355 3232 530 3292 accedebam
550 3228 628 3290 Sosii
645 3226 818 3288 nobilissimi
835 3225 1061 3299 litterarumque
1080 3222 1226 3283 iuvanda·

103 3356 172 3398 rum
184 3333 284 3401 etudm
295 3340 409 3418 alioqui
422 3340 551 3416 insignes
561 3339 647 3401 bonis
657 3356 733 3414 quae
743 3337 880 3399 dicunun
894 3334 998 3395 litteris
1007 3332 1089 3395 haud
1097 3335 1225 3395 multum

103 3448 209 3508 confisi
224 3457 256 3509 et
274 3449 384 3511 nostris
403 3449 589 3528 potissimum
610 3448 790 3528 temporibus
811 3463 952 3523 magnum
970 3443 1080 3504 librum
1099 3461 1225 3520 eumque

102 3555 316 3634 philologicnm
334 3576 476 3636 magnum
495 3559 608 3620 malum
626 3577 694 3619 cum
709 3556 890 3618 Callimacho
907 3554 1042 3616 arbitrati
1061 3553 1225 3614 comissime

102 3667 213 3745 pariter
224 3674 315 3746 atque
328 3668 545 3745 elegantissime
556 3669 773 3747 responderunt
786 3685 819 3729 se
833 3665 938 3726 honori
951 3673 1014 3724 tam
1028 3660 1138 3738 egregii
1155 3678 1225 3739 ope·

101 3776 143 3837 ria
156 3776 327 3855 publicandi
337 3779 464 3857 impares
474 3797 507 3840 ae
518 3778 675 3840 mutientes
687 3778 773 3838 illum
787 3776 909 3855 collegis
923 3775 985 3835 suis
995 3770 1126 3833 invidere
1135 3771 1225 3831 nolle.

101 3884 145 3945 lte
156 3895 192 3947 nt
204 3886 310 3948 ultima
322 3905 390 3966 apsa
402 3887 513 3966 incepti
522 3888 582 3948 mei
594 3890 633 3948 ad
646 3888 759 3948 besum
772 3887 861 3944 ιὶιιοιιι
871 3881 1035 3944 deducendi
1047 3882 1226 3959 praecidere·

102 4001 164 4069 tur,
178 3996 352 4076 paulopost
365 3999 498 4059 insecuta
512 4003 582 4058 sunt
594 4003 728 4074 tempora
740 3995 794 4054 illa
804 3991 984 4054 Germaniae
995 3990 1224 4065 luctuosissima,

104 4123 181 4180 quae
202 4106 284 4168 omni
301 4108 353 4167 alii
370 4109 414 4168 rei
431 4125 522 4184 qnam
539 4105 639 4168 Plinio
658 4123 725 4165 meo
743 4104 894 4185 lavabant,
913 4109 944 4162 et
962 4121 1029 4164 cum
1047 4110 1140 4161 totam
1160 4121 1224 4162 rem

102 4217 168 4278 iure
177 4234 256 4292 meo,
267 4224 303 4285 ιιι
315 4218 481 4293 videbatur,
493 4236 550 4296 pro
565 4215 747 4278 conclamata
757 4214 906 4287 haberem,
921 4213 993 4273 nihil
1003 4210 1083 4272 aliud
1096 4211 1168 4271 mibi
1181 4209 1225 4268 fa·

999 4331 1021 4379 F
