2714 4710
166 274 208 338 32
513 286 717 334 miramars
740 285 933 334 mesonma

166 443 239 528 pico
260 440 390 506 Martio.
428 438 482 504 De
509 438 558 503 his
588 462 669 523 quae
679 442 703 480 ¹⁰
726 462 825 505 uncos
846 436 964 526 unguis
990 435 1119 501 habent.
1157 437 1210 504 De
1232 441 1281 505 his

167 567 249 629 quae
272 544 390 632 digitos
410 542 529 607 habent
538 543 572 604 ¹¹.
602 539 654 606 De
676 541 871 626 pavonibus3
895 528 966 624 quis
987 540 1159 625 primum¹2
1180 563 1281 625 pavo-

166 670 241 712 nem
271 646 335 712 oibi
365 667 460 710 causa
490 642 643 708 occiderit
652 645 693 721 18;
731 643 802 727 quis
833 641 947 706 farcire
955 643 980 681 ¹⁴
1009 641 1191 706 instituerit.
1228 641 1282 708 De

166 748 366 836 gallinaceis3
398 744 556 829 quomodo
585 753 764 809 castrentur
771 770 780 822 ;
809 743 849 808 de
875 743 1049 829 gallinaceo
1070 744 1186 809 locuto.
1210 744 1282 812 .De

166 848 346 936 palmipede
375 848 496 931 reliquo
525 868 642 931 genere
655 850 687 909 ¹⁵.
730 845 785 911 De
812 866 939 922 ansere3
970 844 1041 929 quis
1069 845 1208 931 primum
1230 846 1282 912 'io-

165 974 222 1016 our
232 952 256 990 ¹⁶
278 949 459 1013 anserinum
478 947 650 1012 instituerit
660 950 693 1011 ¹⁷.
715 946 769 1012 De
785 944 1009 1034 Commageno.
1034 943 1281 1033 Chenalopeces.

167 1049 373 1115 Chenerotos.
412 1048 631 1113 Tetraonesffl.
670 1046 796 1113 Otides.
835 1045 951 1113 Grues.
984 1047 1036 1113 De
1058 1046 1196 1113 ciconiis.
1229 1048 1282 1114 De

165 1151 313 1219 oloribus.
358 1150 411 1216 De
439 1150 551 1214 avibus
580 1150 759 1235 peregrinis
787 1172 870 1234 quae
896 1148 1038 1213 veniunt.
1082 1146 1280 1215 Cotru‘nices.

166 1249 337 1319 Glottides.
369 1248 578 1335 Cychramus.
609 1248 703 1314 Otus.
734 1249 786 1315 De
808 1250 920 1315 avibus
941 1250 1058 1314 nostris
1079 1271 1162 1333 quae
1177 1249 1281 1315 disce·

165 1355 246 1419 dunt
261 1367 294 1417 et
309 1376 372 1438 quo
387 1352 502 1417 abeant
511 1355 544 1414 ¹⁹.
573 1350 815 1415 Hirundines'20.
843 1351 955 1415 Turdi.
978 1348 1134 1415 Merulae.
1158 1348 1279 1417 Sturni.

164 1456 217 1519 De
247 1456 358 1520 avibus
388 1476 471 1538 quae
498 1453 624 1537 plumas
653 1453 801 1516 amittunt
828 1453 861 1516 in
887 1452 1105 1519 occultatione.
1149 1451 1279 1518 Turtur.

164 1557 329 1622 Palumbis
338 1560 372 1619 2¹.
397 1552 589 1618 Sturnorum
605 1565 636 1618 et
650 1554 857 1618 hirundinum
870 1554 994 1632 volatus
1004 1557 1038 1617 ²².
1066 1551 1160 1634 Quae
1175 1557 1282 1618 avium

164 1679 332 1744 perennes,
356 1680 438 1743 quae
461 1666 640 1732 semestres,
664 1678 745 1739 quac
768 1656 953 1721 trimestres.
981 1652 1155 1742 Galgu1i²³.
1186 1654 1280 1742 Upu-

164 1777 235 1846 pae.
265 1759 498 1825 Memnonides.
522 1757 747 1843 Meleagrides.
772 1753 968 1822 Seleucides.
991 1756 1067 1823 Ibis.
1100 1756 1194 1840 Quae
1210 1758 1280 1842 qui·

164 1862 225 1926 bus
247 1862 324 1925 locis
347 1883 422 1925 aves
444 1882 507 1922 non
529 1860 601 1923 sint.
641 1858 734 1939 Quae
761 1868 886 1923 mutent
914 1860 1050 1923 colorem
1071 1869 1104 1923 et
1124 1882 1237 1924 vocem
1245 1862 1278 1924 ²⁴.

164 1961 216 2027 De
239 1962 382 2025 oscinum
402 1982 520 2047 genere
530 1963 564 2023 ²⁵.
597 1959 651 2024 De
672 1960 823 2025 lusciniis.
855 1959 909 2025 De
930 1961 1194 2046 melancoryphis,
1218 1961 1280 2025 eri-

166 2062 310 2140 thaois²⁶‚
343 2061 554 2148 phoenicuris.
598 2058 777 2126 Oenanthe.
820 2058 957 2128 Chlorio.
1000 2059 1142 2148 Tempus
1174 2063 1281 2127 avium

164 2164 341 2249 geniturae.
386 2162 567 2245 Alcyones;
599 2161 667 2225 dies
696 2185 804 2227 earum
829 2162 1035 2250 navigabiles.
1080 2164 1132 2230 Dc
1159 2165 1281 2248 reliquo

164 2265 414 2350 aquaticarum²⁷
437 2285 564 2349 genere.
603 2260 783 2329 Sollertiae
805 2265 912 2329 avium
933 2263 967 2329 in
987 2263 1081 2329 nidis.
1122 2264 1281 2330 Hirundi-

164 2390 241 2431 num
263 2390 359 2454 opera
379 2367 468 2431 mira.
499 2363 659 2450 Ripariae.
689 2364 934 2449 Acanthyllisll.
963 2365 1105 2452 Merops.
1131 2364 1185 2432 De
1206 2388 1281 2452 per-

164 2468 298 2533 dicibus.
329 2468 381 2534 De
404 2466 557 2532 eolumbis
564 2491 573 2544 3
597 2488 694 2551 opera
716 2489 825 2531 earum
845 2467 1002 2535 mirabilia
1016 2478 1048 2533 et
1061 2468 1174 2554 pretia.
1203 2466 1281 2532 Dir-

164 2569 318 2633 lerentiae
340 2571 465 2633 volatus
486 2569 593 2632 avium
603 2571 627 2608 ³⁰
649 2577 682 2632 et
701 2567 854 2633 incessus.
882 2569 1015 2655 Apodes
1030 2569 1099 2634 sive
1114 2569 1237 2656 cypseli
1244 2571 1279 2633 ⁸¹.

161 2669 215 2732 De
244 2680 339 2754 pastu
365 2670 481 2733 avium.
520 2666 729 2754 Caprimulgi.
765 2668 887 2734 Platea.
924 2670 977 2737 De
1003 2671 1141 2758 ingeniis
1162 2670 1280 2736 avium.

164 2766 341 2835 Carduelis.
370 2768 507 2832 Taurus.
535 2767 675 2834 Anthus.
698 2769 751 2854 De
766 2770 879 2836 avibus
893 2794 975 2856 quae
989 2773 1169 2857 loquentur.
1191 2770 1280 2838 Psit-

163 2872 234 2936 taci.
257 2871 353 2936 Pioae
375 2869 553 2957 glandares.
576 2868 713 2955 Propter
735 2870 863 2937 corvom
881 2875 1064 2957 loquentem
1086 2873 1200 2938 seditio
1220 2896 1279 2960 po-

161 2974 229 3059 puli
250 2973 395 3039 Romani.
432 2972 639 3039 Diomedeae.
679 2971 772 3052 Quae
794 2974 941 3040 animalia
960 2975 1039 3040 nihil
1059 2976 1192 3040 discant.
1226 2975 1280 3041 De

161 3085 240 3160 potu
273 3076 388 3140 avium.
438 3074 491 3140 De
523 3073 746 3160 porphyrione.
791 3073 1055 3162 Himantopodes.
1097 3075 1152 3141 De
1183 3087 1280 3163 pastu

161 3165 277 3241 avium.
309 3175 504 3241 Onocrotali.
533 3175 586 3241 De
607 3176 785 3263 peregrinis
806 3174 929 3242 avibus.
959 3176 1155 3242 Phalerides.
1190 3177 1278 3243 Pha-

196 3353 234 3396 10.
255 3363 325 3409 qaae,
338 3362 360 3395 a.
380 3346 429 3411 qui,
441 3347 521 3396 RTd.
559 3353 598 3397 11.
614 3349 654 3398 De
666 3349 703 3399 bis
715 3365 778 3412 qaae
790 3346 854 3412 (qai,
869 3348 913 3413 R.)
932 3350 1017 3416 diqitos
1033 3353 1124 3414 babent,
1137 3355 1188 3404 Ra.
1206 3355 1239 3405 In
1254 3355 1279 3405 T

159 3429 267 3462 vacuum
279 3415 401 3476 spatium
415 3413 509 3461 omittit
517 3416 540 3462 d.
561 3419 600 3461 12.
609 3415 711 3477 primae
720 3433 743 3464 a.
763 3422 802 3465 13.
815 3417 973 3478 comederim.
994 3424 1032 3468 14.
1046 3418 1108 3477 Quis
1115 3421 1278 3486 primaefar-

159 3481 215 3541 cire,
224 3483 255 3531 Β.
270 3485 308 3529 15.
318 3478 358 3529 De
365 3479 500 3544 palmipede
509 3480 601 3542 reliquo
609 3498 700 3545 ponere,
709 3484 760 3532 Td.
770 3485 842 3533 Pone
851 3485 946 3536 ciconiis
954 3487 1083 3537 collocant
1091 3490 1142 3539 Ra.
1158 3495 1197 3540 16.
1204 3491 1277 3552 maer,

160 3565 181 3598 a.
203 3552 241 3598 17.
255 3547 388 3607 instituerit,
400 3548 435 3596 ita
447 3561 494 3595 nos
507 3548 658 3609 scripsimus.
672 3549 775 3611 instituit,
788 3554 861 3602 codd
886 3559 924 3603 18.
937 3562 1060 3617 tetraonas,
1070 3555 1168 3605 R²Td
1181 3565 1277 3608 terrato-

158 3634 207 3677 nes,
220 3616 388 3680 aletrar'oaes,
400 3616 425 3664 Β
433 3614 448 3661 ¹.
473 3620 512 3663 19.
524 3614 565 3663 De
577 3617 663 3664 avibus
674 3617 797 3667 nostris„
805 3623 898 3681 abeant,
912 3622 1006 3670 omittit
1018 3639 1040 3671 a.
1063 3628 1103 3674 20.
1115 3622 1276 3687 Ηίναηάἱπθε,

158 3687 209 3734 na.
227 3685 300 3733 Pone
317 3692 368 3732 otus
384 3682 513 3730 collocans
528 3683 579 3731 Td.
621 3689 660 3733 21.
678 3685 814 3748 Palumbis,
830 3690 881 3737 Ra.
903 3688 1036 3752 palumbes,
1052 3692 1075 3739 d.
1094 3691 1232 3754 palumbus,
1244 3693 1276 3743 Τ.

159 3757 199 3800 22.
219 3751 363 3801 Sturnoram
375 3749 558 3799 astronomum
570 3750 671 3811 volatus,
684 3754 707 3801 d.
721 3752 849 3804 Omittunt
859 3757 939 3806 RTa.
963 3763 1003 3807 23.
1020 3756 1122 3823 palpati,
1135 3775 1158 3807 a
1170 3760 1276 3826 patprsls‘,

157 3821 210 3869 Rd.
228 3818 337 3884 yarpula
355 3819 385 3867 Τ.
422 3823 461 3865 24.
485 3816 551 3873 Quae
569 3860 599 3866 -
618 3836 702 3880 vocem,
720 3823 771 3871 Ra.
795 3830 816 3871 et
832 3839 894 3885 quae
910 3833 1000 3873 mutant
1016 3865 1047 3872 -
1065 3842 1151 3887 vocem,
1164 3828 1218 3888 Td,
1231 3828 1276 3891 qui

150 3887 222 3935 'haee
233 3901 272 3933 vv.
286 3899 353 3947 pone
363 3901 447 3951 penore
459 3887 596 3935 collocant.
633 3893 672 3936 25.
688 3891 871 3952 penere,RTa.
888 3895 1021 3956 generibus,
1035 3894 1058 3941 d
1095 3898 1135 3943 26.
1153 3894 1274 3955 aalma,
1353 3888 1355 3893 ’

156 3953 310 4003 Harduinus.
338 3953 476 4014 eraitbochi,
498 3957 547 4004 Ra.
574 3955 734 4017 eleeteritaes's,
755 3958 785 4006 T.
812 3958 951 4020 sacerdocio,
972 3963 995 4009 d.
1032 3962 1073 4009 27.
1096 3962 1225 4024 aquatico,
1242 3963 1273 4013 T.

157 4026 197 4070 28.
217 4021 340 4080 Sellasia,
352 4022 403 4070 Ra.
423 4030 444 4069 et
454 4021 568 4082 sollertia,
589 4023 641 4072 Td.
677 4028 716 4071 23.
738 4023 894 4090 Aoaatbyllis,
915 4027 1038 4076 Harduin.
1064 4027 1200 4095 Apatbplm
1221 4031 1273 4080 Ra

155 4088 299 4153 Apatlyllis,
312 4088 364 4137 Td.
399 4095 439 4138 30.
458 4091 544 4149 aviam,
556 4093 606 4140 lta.
620 4090 747 4140 Omittunt
759 4093 811 4141 Td.
842 4099 881 4141 31.
900 4094 996 4160 cypseli,
1009 4097 1039 4144 Τ.
1058 4096 1186 4161 aepppseli,
1199 4099 1273 4148 Rea.

156 4161 195 4205 32.
215 4155 350 4221 laqopodes,
367 4172 389 4206 a.
413 4156 551 4222 lapapodes,
567 4159 598 4208 Β.
622 4157 814 4223 Lapopaspodes,
832 4161 862 4209 Τ.
898 4168 938 4211 33.
958 4163 1068 4224 bibiones,
1086 4165 1138 4213 Td.
1161 4166 1273 4226 bubones,
