2714 4710
336 280 407 326 mn.
423 282 459 327 11.
490 279 568 326 oar.
586 280 655 328 cv1.
673 279 756 328 ovn.
787 279 884 329 sacr.
903 284 946 326 no.
963 286 1005 326 m
1168 266 1228 330 201

111 438 228 496 cuncte
237 429 479 517 conflagrarent,
494 454 568 496 cum
580 433 709 528 Qula
721 454 848 517 quoque
860 453 999 498 concava
1009 432 1145 498 adversa
1156 433 1231 499 solis

108 530 210 595 radiis
231 529 358 596 facilius
380 531 475 596 etiam
497 524 677 598 accendant
698 554 793 617 quam
813 531 898 597 ullus
921 532 1003 599 alius
1023 533 1118 620 ignis.
1142 531 1231 615 Quid
1245 553 1296 598 mo

111 631 199 715 quod
222 630 471 697 innumerabiles
497 633 591 716 parvi
619 632 676 698 sed
701 634 863 700 naturales
890 635 1032 699 scatent?
1058 633 1108 698 'In
1128 633 1232 720 Nym-

110 732 215 819 phaeo
242 732 310 798 exit
332 753 349 796 e
376 741 470 816 petra
490 731 617 797 flamma
637 754 719 816 quae
740 732 860 818 pluviis
881 734 1083 812 accenditur,
1114 735 1180 800 exit
1201 745 1234 799 et

112 831 155 896 ad
176 853 276 916 aquas
298 828 462 910 Scantias,
490 833 570 898 haec
591 833 720 917 quidem
740 833 897 913 invalida,
927 855 1000 898 cum
1022 833 1150 913 transit,
1172 856 1234 899 nec

110 933 208 1020 longe
234 932 269 996 in
296 933 359 997 aha
384 922 682 1010 durans'materia3
712 934 818 999 virens
845 945 975 1000 aeterno
999 934 1085 998 hunc
1111 934 1234 999 fontem

111 1032 245 1120 igneum
266 1033 409 1122 contegit
431 1033 588 1098 fraxinus.
614 1033 694 1098 Exit
706 1034 740 1098 in
753 1033 932 1100 Mutinensi
954 1056 1032 1122 agro
1047 1035 1137 1100 statis
1151 1034 1233 1100 Vol·

112 1155 193 1198 cano
207 1130 331 1198 diebus.
358 1132 532 1219 Reperitur
551 1133 639 1220 apud
657 1145 805 1200 auctores
825 1135 977 1200 subiectis
990 1134 1121 1199 Ariciae
1136 1135 1233 1212 arvis,

114 1234 141 1298 si
164 1233 261 1299 carbo
283 1233 449 1313 deciderit,
472 1234 584 1299 ardere
607 1224 734 1312 terram,
755 1235 790 1299 in
810 1258 890 1324 agro
905 1232 1027 1301 Sabino
1041 1245 1075 1300 et
1089 1231 1235 1300 Sidicino

112 1343 247 1399 unctum
274 1333 412 1422 flagrare
438 1335 595 1421 lapidem,
621 1335 654 1399 in
684 1331 850 1401 Salentino
876 1336 996 1423 oppido
1016 1335 1159 1423 Egnatia
1183 1335 1234 1397 in·

112 1433 218 1520 posito
238 1434 328 1523 ligno
348 1435 386 1499 in
404 1440 517 1501 saxum
539 1435 700 1519 quoddam
712 1435 758 1501 ibi
773 1459 899 1502 sacrum
913 1436 1059 1523 protinus
1073 1435 1234 1499 flammam

114 1535 287 1613 exsistere,
315 1535 350 1599 in
369 1535 524 1602 Laciniae
545 1536 677 1602 Iunonis
704 1559 760 1601 ara
781 1538 840 1603 sub
863 1537 917 1602 dio
939 1537 1000 1602 sita
1022 1538 1162 1603 cinerem
1182 1535 1234 1598 in-

112 1635 264 1702 mobilem
287 1657 358 1701 esse
379 1636 588 1722 perflantibus
608 1637 751 1721 undique
771 1637 920 1722 procellis
927 1663 936 1715 3
964 1638 1042 1720 quin
1065 1647 1098 1702 et
1117 1657 1234 1722 repen·
1248 1655 1295 1699 241

114 1737 199 1802 tinos
226 1737 382 1803 exsistere
406 1737 492 1824 ignis
514 1747 547 1802 et
567 1738 602 1802 in
623 1738 715 1821 aquis
737 1738 823 1802 etin
844 1738 1033 1824 corporibus
1056 1736 1152 1802 etiam
1172 1734 1235 1799 hu·

114 1836 228 1916 manis,
251 1836 476 1903 Trasimenum
495 1839 602 1904 lacum
622 1838 738 1904 arsisse
760 1848 874 1918 totum,
897 1836 1010 1904 Servio
1032 1836 1138 1902 Tulho
1160 1836 1236 1900 dor-

113 1936 228 2003 mienti
249 1937 283 2001 in
304 1939 443 2025 pueritia
463 1960 504 2004 ex
526 1939 630 2026 capite
651 1938 811 2005 flammam
832 1939 1016 2016 emicuisse3
1046 1939 1088 2003 L.
1109 1936 1236 2003 Marcio

113 2039 149 2102 in
176 2037 340 2124 Hispania
370 2039 571 2125 interemptis
600 2038 804 2127 Scipionibus
834 2039 1032 2108 concionanti
1061 2050 1093 2104 et
1118 2038 1236 2103 milites

115 2139 158 2205 ad
178 2138 333 2206 ultionem
360 2139 539 2205 exhortanti
566 2141 682 2206 arsisse
710 2141 804 2205 simili
829 2143 925 2207 modo
945 2141 1098 2207 Valerius
1118 2139 1237 2204 Antias

114 2251 232 2306 narrat.
254 2240 354 2306 Plura
366 2264 443 2306 mox
457 2249 490 2305 et
505 2240 697 2307 distinctius.
719 2240 814 2308 Nunc
833 2243 918 2307 enim
937 2242 1077 2324 quadam
1096 2239 1238 2304 mixtura

114 2362 224 2406 rerum
252 2339 394 2406 omnium
423 2339 615 2407 exhibentur
640 2341 794 2407 miracula
801 2368 810 2420 3
840 2364 954 2407 verum
979 2342 1126 2428 ingressa
1146 2361 1238 2403 mens

115 2441 411 2527 interpretationem
432 2451 565 2507 naturae
587 2443 718 2507 festinat
734 2440 912 2529 legentium
925 2441 1048 2506 animos
1063 2463 1122 2528 per
1136 2449 1239 2508 totum

116 2543 228 2609 orbem
249 2542 348 2609 veluti
368 2563 467 2606 manu
488 2541 615 2608 ducere.

117 2751 241 2812 nam,R¹.
268 2790 300 2800 -
326 2747 439 2812 Excedat,
451 2751 524 2803 R2d.
551 2748 783 2812 Excedeafflha.
811 2792 842 2800 ..
869 2746 1238 2813 miracalaomm'a,R'l¹0a‹t

118 2817 197 2868 omnia
217 2815 349 2880 miracala,
369 2814 451 2883 Αβγ.
478 2858 509 2866 -
537 2817 625 2880 allam,
645 2818 721 2868 Aac.
748 2835 836 2880 anam,
860 2814 950 2869 ΒΤθ.
981 2860 1013 2868 ..
1049 2819 1239 2883 constuprarent,

117 2885 222 3013 {²on
232 2885 384 2950 stuprarent,
396 2884 522 2935 R1'l'da.
533 2926 564 2934 -
577 2883 653 2949 ealce,
665 2885 699 2935 A.
713 2926 741 2935 -
758 2886 900 2946 accendant,
912 2885 968 2936 ΒΔ
977 2879 1047 2935 Oad.
1066 2882 1240 2943 accendantur,

141 2989 198 3003 .-
217 2953 242 3001 ei
256 2953 295 3002 nie
315 2952 367 3002 R¹.

152 3021 167 3083 §
180 2968 336 3084 amimae,
348 3019 417 3069 Rad
428 3015 514 3081 (codd.
528 3016 630 3081 Gelen.)
645 3019 743 3084 parvis,
755 3020 789 3070 A.
803 3060 834 3068 ..
853 3026 882 3079 ct,
894 3020 942 3069 R2.
956 3057 987 3066 ..
1000 3013 1134 3077 nataralia,
1144 3017 1194 3066 13².
1209 3055 1238 3064 ..

119 3095 149 3145 et,
159 3088 208 3137 Re
229 3125 259 3135 ...
275 3085 375 3150 plavia,
387 3087 492 3136 RAad.
511 3102 589 3147 aqua,
601 3101 625 3135 σ.
644 3127 675 3135 ..
695 3088 746 3135 erit
758 3095 787 3147 et,
799 3086 855 3134 Aa.
874 3083 936 3133 exiit
947 3093 977 3145 et,
988 3086 1019 3135 R.
1039 3082 1108 3144 exiet,
1121 3085 1162 3132 d¹.
1181 3084 1240 3143 erit,

119 3155 159 3203 d2.
180 3192 210 3202 ..
230 3151 373 3215 Scantias,
384 3153 419 3203 A.
438 3194 470 3202 -
488 3151 583 3212 tavelli,
595 3155 644 3202 3².
664 3194 695 3201 ..
714 3151 812 3201 durans
824 3152 934 3213 materia,
945 3151 1049 3201 RAad.
1072 3149 1177 3201 materia
1195 3151 1240 3201 du-

118 3215 249 3286 ranaflr.
269 3262 300 3269 -
318 3220 405 3282 cirene,
422 3221 471 3270 Rt.
483 3220 551 3280 viret,
564 3215 734 3284 R¹Aadflr.
753 3260 785 3268 -
803 3236 832 3267 ec
844 3227 951 3279 aeterno,
967 3235 987 3267 r.
1006 3259 1035 3268 ..
1054 3217 1153 3285 mnium,
1165 3220 1240 3269 th.

119 3287 226 3349 Ioniam,
236 3289 285 3338 R2.
304 3328 336 3336 -
354 3287 460 3351 conteqit,
472 3289 521 3338 Rt.
540 3295 678 3350 conteyene,
689 3286 773 3336 ATd.
791 3295 922 3347 conterens,
934 3288 959 3337 R
969 3288 1004 3336 ¹a
1017 3328 1048 3336 ..
1069 3283 1240 3350 Mytinenemt’,

119 3357 143 3405 d.
166 3392 199 3404 .-
228 3354 339 3416 Volcano,
356 3355 390 3405 A.
420 3354 559 3415 Valentem,
575 3356 624 3404 Rl.
655 3353 774 3416 Vulcano,
791 3356 886 3405 Rrec.
915 3352 1043 3416 Vulcania,
1059 3371 1078 3403 r.
1108 3352 1241 3414 Vulcanus,

119 3421 221 3473 Richel.
249 3461 280 3470 -
307 3420 419 3482 Ariciae,
430 3421 531 3472 anat.
557 3421 661 3484 Amtlrie,
675 3423 726 3473 Td.
755 3422 839 3482 ariete,
852 3424 891 3472 e1.
919 3462 949 3471 ..
979 3419 1189 3482 decidentem.
1209 3459 1238 3468 -

119 3486 237 3550 Statano,
248 3489 368 3539 R²Aa².
386 3485 515 3550 Sedecim,
527 3489 550 3537 d
568 3485 663 3550 Sidino,
675 3491 700 3540 R
710 3490 763 3540 ¹a¹.
776 3530 807 3538 -
824 3486 957 3551 Salentim,
968 3490 1068 3540 RAad
1079 3487 1165 3550 (codd.
1177 3489 1241 3538 Ber·

119 3553 196 3621 huri.)
219 3554 394 3617 Salentinae.
418 3596 446 3604 -
471 3553 591 3620 Epnatia,
607 3558 711 3606 Barbar.
733 3555 846 3620 anatia,
862 3559 935 3608 R¹a
958 3555 1068 3616 Innatic,
1080 3558 1104 3604 d.
1123 3553 1241 3610 Inatiam,

120 3625 193 3673 codd.
205 3623 318 3674 Barbari.
336 3622 450 3683 Natiam,
462 3637 486 3672 σ.
503 3622 615 3685 Notium,
626 3624 659 3674 A.
682 3621 797 3685 Galaria,
809 3625 858 3674 Ra.
878 3665 910 3673 ..
919 3625 1033 3687 flamma,
1046 3623 1080 3671 A.
1101 3660 1130 3669 ..
1155 3619 1203 3679 dio,
1216 3635 1239 3668 a

121 3690 270 3752 aalma.

154 3760 169 3822 5
182 3763 241 3808 241.
259 3757 323 3820 qaia,
334 3758 359 3806 R
368 3759 385 3806 ¹.
398 3798 430 3806 ..
443 3757 559 3808 exsistere
569 3759 645 3824 ipnee,
657 3759 711 3809 ΒΑ
720 3752 789 3809 ded.
808 3759 873 3822 ipnee
885 3759 1007 3817 matertere,
1019 3752 1048 3815 β.
1063 3794 1091 3802 -
1112 3754 1145 3814 in,
1159 3753 1240 3802 omitt.

120 3826 211 3877 R¹a¹.
238 3866 270 3874 ..
301 3822 475 3885 Turtam.
503 3866 534 3873 -
551 3825 690 3887 flammam,
711 3825 816 3876 Rana.
833 3825 1023 3887 flammae‚R¹.
1037 3823 1188 3887 flammmd.
1208 3860 1235 3869 ..

121 3892 256 3953 emaculare,
268 3893 323 3941 Aa.
341 3892 461 3951 mouisse,
473 3892 505 3941 R.
519 3892 576 3942 Om.
589 3895 612 3942 d.
630 3931 655 3939 -
671 3892 813 3952 exhortanti,
826 3895 849 3941 d.
868 3890 997 3951 exortanti,
1009 3891 1082 3940 R‘a.
1105 3886 1241 3948 enarranti,

120 3961 168 4011 Εἰ.
187 3958 310 4020 exaranti,
322 3959 355 4008 A.
370 3999 399 4007 ..
414 3957 537 4020 Valerius,
548 3974 572 4007 r.
585 3960 692 4019 Kreusa
704 3958 820 4020 fragmm.
833 3959 922 4007 histor.
934 3959 1011 4008 Rom.
1024 3972 1049 4021 p.
1063 3958 1120 4008 277.
1134 3995 1163 4005 ..
1178 3971 1241 4016 moe,

121 4026 515 4088 R²Aa²c.m0a0‚1t¹a¹.-
541 4023 654 4088 qaedam,
666 4026 696 4076 Τ.
717 4065 747 4073 ..
770 4026 920 4075 mixtura..
942 4023 1144 4076 erbibentnrom.
1159 4024 1190 4073 T.
1209 4065 1240 4072 -

123 4093 217 4156 iterum,
229 4096 261 4144 Τ.
280 4092 461 4154 interim,Pint.
482 4134 511 4142 ..
530 4092 647 4159 inpressa,
660 4092 707 4142 Ra
727 4106 833 4156 opressa,
845 4093 870 4143 R
881 4088 1016 4158 ¹Aadss7.
1036 4133 1066 4142 -.
1084 4091 1108 4141 in
1125 4091 1241 4156 interpre-

123 4162 284 4280 umnemff.
306 4203 335 4210 ..
355 4170 453 4223 natura,
466 4162 497 4211 R.
517 4203 547 4211 ..
560 4160 712 4226 sentiuntid.
732 4203 762 4211 ,
781 4161 861 4225 velate,
873 4162 925 4213 Ra.
944 4162 1011 4223 velat,
1024 4155 1127 4225 Adssr.
1147 4202 1177 4210 .-
1197 4159 1241 4209 da-

123 4238 227 4291 teretur,
