2714 4710
152 284 215 348 220
501 297 702 346 sirannus
725 295 918 346 ursrormn

149 452 310 518 Lucensis
333 461 509 516 conventus
535 449 726 535 populorum
751 458 802 514 est
827 466 893 513 xvr
918 455 1046 534 praeter
1069 444 1213 514 Celticos
1235 458 1267 514 et

150 539 306 620 Leburios
327 549 516 640 ignobilium
534 572 573 614 ac
590 549 746 615 barbarae
771 546 991 636 appellationis
1013 547 1072 612 sed
1091 546 1265 614 liberorum

123 654 294 741 -capitum
315 654 416 718 ferme
444 668 553 715 evar
575 667 613 713 Μ.
650 646 756 714 Simili
784 649 877 714 modo
903 647 1078 712 Bracarum
1099 667 1193 713 xxrv
1217 649 1264 714 ci-

151 754 267 820 vitates
288 770 412 818 onxxv
430 769 458 814 iu
485 751 635 836 capitum,
658 771 700 814 ex
720 749 838 832 quibus
859 760 986 834 praeter
1006 749 1095 835 ipsos
1108 746 1265 814 Bracaros

150 853 272 932 Bibali,
303 850 466 930 Coelerni,
497 848 656 927 Gallaeci,
683 849 867 933 Hequaesi,
894 848 1028 927 Limici,
1060 846 1265 932 Querquerni

124 953 231 1020 'citra
258 952 424 1017 fastidium
449 951 661 1016 nominentur.
694 948 882 1036 Longitudo
908 949 1063 1015 citerioris
1087 947 1266 1035 Hispaniae
1278 969 1306 1012 sa

149 1065 201 1121 est
227 1054 269 1118 ad
294 1053 392 1118 finem
419 1049 603 1119 Castulonis
630 1074 650 1115 a
670 1051 838 1135 Pyrenaeo
866 1059 1018 1117 sexcenta
1039 1059 1164 1136 septem
1183 1067 1212 1113 rr
1231 1074 1264 1135 p.

149 1165 184 1222 et
204 1177 260 1221 ora
282 1154 378 1239 paulo
400 1153 548 1238 amplius,
569 1152 706 1217 latitudo
727 1151 767 1217 ab
782 1149 964 1217 Tarracone
985 1151 1027 1216 ad
1040 1149 1118 1217 litus
1133 1149 1265 1216 Olarso-

149 1255 200 1320 nis
222 1259 359 1333 cccvn3
382 1253 577 1320 eradicibus
590 1252 761 1337 Pyrenaei,
784 1252 840 1318 ubi
862 1261 1016 1318 cuneatur
1036 1250 1196 1339 angustiis
1215 1251 1266 1315 in-

150 1367 200 1422 ter
221 1356 285 1420 duo
306 1355 422 1432 maria,
449 1354 604 1440 paulatim
630 1353 747 1418 deinde
774 1376 809 1419 se
834 1354 997 1440 pandens,
1024 1374 1089 1436 qua
1111 1352 1267 1440 contingit

149 1456 335 1521 ulteriorem
349 1455 552 1539 Hispaniam,
575 1455 764 1520 tantundem
778 1465 811 1520 et
830 1454 966 1540 amplius
979 1452 1144 1519 latitudini
1158 1453 1264 1518 adicit.

148 1555 293 1623 Metellis
321 1555 460 1642 plumbi,
485 1555 579 1633 ferri,
603 1556 702 1634 aeris,
725 1555 866 1643 argenti,
890 1555 960 1619 auri
985 1564 1051 1620 tota
1076 1555 1178 1620 ferme
1203 1552 1306 1617 Han

150 1658 263 1745 spania
278 1667 389 1736 scatet,
413 1657 541 1722 cit'erior
563 1667 595 1721 et
617 1656 791 1741 specularis
811 1655 938 1740 lapidis,
960 1653 1095 1719 Baetica
1109 1665 1144 1720 et
1157 1654 1264 1718 minio.

150 1756 236 1823 Sunt
258 1769 291 1823 et
311 1780 504 1823 marmorum
522 1756 724 1843 lapicidinae.
751 1755 931 1821 Universae
944 1754 1124 1840 Hispaniae
1138 1753 1262 1839 Vespa-

148 1858 259 1922 sianus
274 1858 437 1942 inperator
450 1857 625 1945 Augustus
640 1857 777 1923 iactatus
798 1856 944 1942 procellis
965 1855 1013 1920 rei
1028 1852 1184 1951 publicae
1196 1854 1262 1919 La-

150 1957 230 2021 tium
253 1957 375 2022 tribuit.
411 1957 572 2041 Pyrenaei
597 1968 721 2022 montes
742 1957 918 2045 Hispanias
940 1953 1127 2039 Galliasque
1149 1955 1264 2020 dister-

149 2056 273 2122 minant
294 2058 518 2143 promontoriis
538 2058 573 2121 in
598 2058 662 2123 duo
684 2058 812 2123 diversa
832 2057 932 2121 maria
951 2056 1113 2142 proiectis.

191 2157 250 2223 IV.
289 2157 319 2222 5.
346 2156 564 2222 Narbonensis
591 2158 756 2242 provincia
782 2159 961 2244 appellatur
986 2178 1062 2242 pars
1089 2153 1264 2222 Galliarum
1276 2177 1302 2220 er

148 2281 233 2344 quae
254 2259 380 2324 interno
402 2259 482 2322 mari
504 2258 655 2337 adluitur,
678 2258 827 2324 braccata
848 2267 922 2323 ante
944 2257 1040 2335 dicta,
1064 2279 1159 2323 amne
1179 2257 1264 2324 Varo
1297 2332 1299 2335 .

149 2360 190 2427 ab
212 2361 307 2426 Italia
332 2360 472 2427 discreta
498 2359 699 2446 Alpiumque
727 2360 779 2426 vel
806 2357 1022 2425 saluberrimis
1042 2357 1188 2424 Romano
1212 2358 1262 2422 iu-

185 2497 285 2560 Gcncos,
297 2500 323 2550 S.
333 2541 365 2548 -
379 2509 401 2548 et
411 2497 529 2559 Lebanos,
540 2500 644 2549 Barbar.
663 2508 686 2548 et
696 2496 822 2556 haumar,
834 2497 866 2546 R.
885 2505 907 2545 et
916 2496 1049 2557 Muenna,
1062 2510 1086 2545 σ.
1104 2493 1264 2558 οεῦωιαοοε,

149 2567 183 2615 A.
200 2564 335 2626 ellemavos,
346 2567 398 2615 Td.
410 2564 516 2625 Lennas,
526 2567 605 2614 altera
613 2565 718 2614 Barbari
727 2565 878 2613 coniectura.
890 2604 921 2613 ..
930 2562 1078 2626 ipnobilinm,
1087 2563 1184 2614 R²Ad.
1202 2563 1264 2630 spao-

149 2631 255 2691 miniam,
268 2634 292 2680 Β
301 2633 317 2679 ¹.
335 2631 516 2694 innominiosaa
526 2649 545 2681 r.
556 2673 587 2680 -
600 2629 707 2691 CLXV,
716 2634 748 2682 Β.
764 2672 795 2679 -
807 2628 968 2690 Braccarnm,
980 2632 1003 2679 d.
1022 2671 1054 2679 ..
1074 2639 1096 2679 et
1104 2631 1221 2692 civitates,
1232 2631 1263 2681 Β.

149 2738 181 2748 ..
196 2696 302 2746 CLXX
306 2697 334 2757 V,
343 2698 368 2745 Β
377 2688 427 2746 dd.
443 2694 638 2758 CCLXXXII,
647 2700 681 2748 A.
701 2695 829 2748 GCLXX
833 2697 862 2759 V,
870 2693 899 2758 β.
910 2738 941 2746 ..
951 2695 1092 2758 Bracaros,
1101 2696 1135 2746 A.
1153 2695 1264 2748 Brucla-

148 2781 197 2824 ros,
209 2765 241 2814 R.
264 2762 417 2824 Braccaros,
429 2766 452 2812 d.
471 2805 503 2812 -
521 2763 705 2825 Bibalillard.
730 2765 819 2826 Vibali,
832 2767 903 2814 codd.
919 2760 1063 2825 Barbanss.
1089 2762 1190 2826 Vibulli,
1206 2765 1264 2814 ΒΤ.

155 2828 253 2892 Vivalli,
265 2832 299 2880 A.
317 2829 412 2891 iuballi,
426 2832 470 2879 do.
490 2871 519 2878 -
541 2829 656 2893 Coelerni,
668 2833 751 2882 ATd.
776 2829 888 2893 Coelensi,
900 2832 932 2881 Β.
955 2830 1055 2892 oeterni,
1068 2846 1092 2882 σ.
1118 2827 1225 2892 Celerini,
1235 2827 1263 2892 β.

150 2897 277 2960 Coelerini,
289 2900 367 2948 Hard.
379 2912 397 2963 γ
409 2914 442 2947 ex
453 2900 561 2949 Ptolem.
575 2902 609 2949 11.
629 2906 651 2961 6,
665 2906 705 2950 42.
723 2900 761 2949 At
772 2915 795 2948 v.
809 2901 919 2962 inscript.
932 2915 972 2961 ap.
986 2898 1086 2949 Gruter.
1099 2914 1123 2962 p.
1138 2898 1263 2950 com.

149 2974 173 3017 2.
193 3008 221 3017 -
245 2963 362 3027 Callaeci,
379 2962 433 3015 Ad.
465 2963 563 3028 Galleti,
584 2968 616 3017 Β.
641 3007 672 3016 -
696 2965 831 3029 Heqnaesi‚
848 2964 943 3027 Limici,
964 2967 1042 3016 Hard.
1065 2965 1220 3029 Aquissilici,
1235 2968 1264 3017 R.

149 3035 285 3099 aquesilici
296 3038 320 3084 d.
339 3042 411 3098 atque
423 3032 495 3095 silici,
507 3035 541 3084 A.
560 3035 704 3097 aequesitici,
716 3050 739 3082 σ.
757 3032 912 3096 Aequeeilici,
924 3029 953 3094 β.
971 3031 1061 3096 Aquae
1073 3030 1158 3095 Uelini,
1168 3036 1264 3085 Reines.

149 3103 181 3151 V.
194 3104 223 3152 1..
244 3110 266 3162 1,
279 3108 318 3151 25.
336 3118 361 3165 p.
376 3107 432 3151 115.
444 3103 482 3151 At
493 3117 516 3151 v.
529 3103 679 3164 Wesseling.
692 3104 724 3151 ad
735 3102 832 3151 Anton.
849 3102 931 3151 itiner.
944 3116 968 3163 p.
981 3106 1038 3149 423.
1050 3141 1079 3148 -
1103 3098 1264 3163 Querqaenni

148 3170 266 3218 nonnulli
279 3171 351 3217 codd.
364 3184 404 3230 ap.
417 3169 493 3219 Surit.
512 3172 544 3219 ad
555 3170 652 3219 Anton.
665 3171 746 3220 itiner.
758 3184 783 3232 p.
796 3175 854 3218 428.
874 3186 913 3217 -·
922 3168 985 3218 citra
992 3165 1137 3230 fastidiam,
1149 3183 1173 3217 v.
1184 3169 1264 3219 Hand

149 3234 256 3300 Turseli,
270 3240 293 3292 2,
307 3239 347 3281 83.
360 3250 397 3295 sq.

183 3299 251 3358 §26
269 3296 400 3360 adfine,A.
420 3341 451 3348 -
470 3313 584 3353 sexcenta
595 3313 689 3368 septem,
707 3306 779 3354 codd.
791 3305 894 3353 Barbar.
912 3303 979 3354 Add.
990 3304 1109 3353 Martian.
1123 3310 1147 3364 6,
1160 3310 1218 3354 633.
1238 3341 1264 3352 ..
1283 3297 1285 3300 ⁴

150 3366 190 3426 ab,
206 3365 237 3414 Β.
260 3362 399 3428 α,Α(1βγ.
423 3407 454 3413 -
477 3385 497 3427 e,
513 3366 652 3419 ΒΑθΤᾱ.
675 3367 748 3432 ⁰1,ss-
768 3411 799 3420 -
823 3370 945 3434 aequatis,
961 3372 993 3420 R.
1017 3412 1048 3420 ..
1072 3370 1175 3437 contipit,
1193 3372 1216 3420 d.
1236 3409 1265 3418 ..

150 3430 280 3492 latitudini,
292 3433 326 3481 A.
345 3431 504 3493 latitudinem,
515 3434 597 3484 RTd.
1209 3485 1213 3490 ,

184 3503 251 3563 §36
269 3499 405 3563 specularis
423 3497 522 3562 lapidis,
539 3501 612 3551 RAr
629 3501 721 3565 (Βοὴ.)
745 3503 1004 3569 εροοοῑὶανίοἱαρίᾱίο,
1017 3507 1069 3556 Td.
1095 3502 1265 3568 specularila-

148 3568 213 3632 pidi,
233 3568 291 3615 libri
307 3581 347 3630 ap.
365 3566 472 3616 Salmas.
490 3582 571 3617 exerc.
589 3584 612 3632 p.
627 3576 683 3620 183.
696 3573 720 3620 b.
737 3574 782 3633 Ε..
804 3574 848 3634 qui
865 3571 949 3636 lapide
967 3574 1076 3622 coniicit.
1100 3570 1267 3634 specularibus

151 3630 336 3701 lapidibnsssr.
355 3633 392 3683 At
401 3649 425 3682 v.
437 3641 477 3695 36,
489 3641 545 3685 161.
556 3677 587 3684 -
599 3636 673 3698 Sunt,
682 3639 767 3688 RAd.
779 3640 830 3700 sed,
841 3640 908 3689 Βοὴ.
920 3639 977 3690 Om.
987 3657 1006 3688 r.
1017 3680 1049 3689 ..
1065 3637 1223 3702 lapicidinae,
1234 3638 1265 3688 A.

149 3704 305 3767 lapidibinae,
317 3702 350 3751 Β.
361 3699 494 3766 lapidinae,
506 3704 529 3751 d.
544 3701 697 3768 lapidicinis,
706 3707 771 3755 Βοὴ.
782 3724 801 3755 r.
816 3747 842 3754 -
856 3708 994 3769 imperaror,
1004 3706 1087 3756 RAd.
1098 3721 1182 3770 nuper,
1194 3706 1225 3755 T.
1238 3744 1265 3752 ..

150 3769 268 3831 iactatus,
280 3770 312 3818 Β.
334 3770 456 3829 iactatam,
467 3770 551 3820 ATd.
574 3772 686 3833 iactatae,
699 3789 712 3822 e
724 3775 867 3836 suspicione
883 3775 962 3823 Hard.
975 3775 1099 3836 aptiorem
1116 3780 1204 3823 tamen
1214 3773 1266 3822 vul·

149 3845 223 3897 gatae
235 3839 372 3900 scripturae
384 3839 581 3900 explicationem
592 3839 706 3890 afferens.
775 3838 881 3900 Latium,
893 3840 983 3890 ΒΑΤ.
1001 3838 1075 3890 Latii
1085 3839 1133 3901 ina,
1146 3837 1218 3904 ᾱβγ.

183 3902 197 3962 §
210 3912 249 3954 31.
263 3906 376 3964 bracata,
388 3906 419 3953 R.
438 3906 576 3966 branciam,
588 3922 611 3954 σ.
634 3908 705 3957 Haec
717 3909 849 3970 exscripsit
859 3909 976 3957 Martiam
989 3914 1012 3966 6,
1026 3913 1083 3957 634.
1097 3946 1128 3955 .-
1147 3916 1232 3968 ansteo,
1243 3907 1268 3956 A

150 3965 235 4027 (codd.
248 3971 332 4031 Rern,
344 3968 424 4032 Βοὴ.)
435 4012 466 4020 -
479 3970 526 4032 vel,
538 3973 593 4022 ΒΑ
602 3968 703 4025 OSTd.
723 3974 810 4025 omitt.
824 3977 895 4024 codd.
908 3977 983 4024 Rern.
995 3970 1024 4035 β.
1039 4015 1070 4022 ..
1085 3971 1181 4034 lateris,
1192 3976 1224 4024 Β.
1238 4013 1267 4023 .-

152 4032 271 4097 Gebcnaa,
287 4038 349 4087 ΒΑ.
376 4035 499 4099 Cebenna,
513 4043 536 4089 d.
567 4037 691 4102 Gobanna,
708 4044 738 4091 T.
765 4040 890 4102 Gebenna,
902 4041 995 4091 Sabell.
1010 4050 1035 4090 et
1045 4043 1151 4092 Barbar.
1167 4037 1218 4105 βγ.
1238 4081 1267 4091 ,

149 4101 259 4162 Iuribus,
273 4105 365 4153 Sabell.
383 4111 408 4151 et
418 4107 521 4155 Barbar.
535 4108 615 4157 RTd.
640 4108 770 4171 inparibus,
782 4111 848 4159 Βοὴ.
866 4116 891 4157 et
903 4111 975 4157 codd.
987 4109 1064 4158 Voss.
1078 4108 1231 4160 aenean.
1245 4114 1267 4157 5.

149 4185 174 4231 p.
189 4171 244 4218 727.
263 4172 365 4229 urbibus,
378 4184 402 4217 σ.
420 4170 494 4231 Iura,
506 4168 587 4236 Assr.
608 4216 638 4223 ..
658 4191 802 4240 morumque,
814 4175 840 4225 A
853 4172 944 4236 (Βοὴ.)
967 4192 1065 4237 ntorum,
1077 4177 1132 4224 Rs.
1152 4205 1184 4225 .=
1202 4174 1269 4226 nulla

152 4234 183 4295 ei,
195 4251 208 4285 r
219 4230 310 4297 (Βοὴ.)
332 4277 360 4283 -
377 4236 546 4299 postferenda,
559 4241 612 4290 Ru.
629 4241 832 4306 potectserenda,
844 4244 877 4293 A.
894 4242 1071 4306 pracferenda,
1084 4260 1097 4292 r
1108 4240 1200 4304 (Βοὴ.)
