2714 4710
156 301 219 365 414
510 315 715 365 nsrnnanrs
736 315 933 366 mesonma.

155 469 303 557 pluribus
324 466 505 532 nominibus
527 467 709 532 adcolarum
730 467 939 553 appellatum,
963 468 1184 535 celeberrimis
1206 470 1279 536 duo-

156 570 229 649 bus,
254 567 375 654 Caspio
391 579 423 633 et
436 567 614 652 Hyrcanio.
636 566 709 633 Non
729 567 835 633 minus
856 568 917 634 hoc
938 591 1010 634 esse
1032 591 1133 654 quam
1146 568 1281 636 Pontum

155 671 323 736 Euxinum
345 668 527 735 Clitarchus
548 677 658 753 putat,
680 666 911 734 Eratosthenes
932 669 1027 755 ponit
1049 679 1083 736 et
1103 693 1281 736 mensuram

155 773 197 839 ab
220 783 334 839 exortu
360 783 393 836 et
417 770 551 836 meridie
573 792 632 855 per
654 766 816 834 Cadusiae
838 778 872 834 et
891 769 1055 836 Albaniae
1080 792 1173 836 oram
1194 773 1280 857 quin-

155 875 270 959 quiens
290 874 376 938 mille
397 891 468 932 cccc
490 871 605 947 stadia,
627 871 704 936 inde
723 892 783 956 per
797 868 987 950 Auariacos,
1003 871 1183 952 Amardos,
1197 873 1280 959 Hyr-

156 998 251 1043 canos
273 975 315 1038 ad
336 975 454 1039 ostium
476 973 556 1038 Zoni
579 971 719 1037 fluminis
742 972 963 1056 quatermille
984 994 1070 1038 noco
1094 976 1217 1055 stadia,
1244 976 1280 1041 ab

154 1100 193 1143 eo
208 1077 249 1141 ad
264 1076 381 1141 ostium
394 1074 532 1139 Iaxartis
559 1093 604 1133 nn
618 1092 700 1152 cccc,
724 1095 806 1157 quae
821 1094 946 1138 summa
961 1073 1063 1138 efficit
1077 1075 1281 1159 quindeciens

154 1188 288 1244 centena
309 1200 397 1242 nxxv
418 1177 483 1244 mil.
505 1199 558 1262 p.;
588 1173 815 1240 Artemidorus
841 1173 916 1239 hino
942 1173 1086 1240 detrahit
1111 1199 1184 1241 xxv
1206 1199 1230 1241 u
1250 1201 1280 1263 p.

153 1277 306 1367 Agrippa
321 1274 478 1362 Caspium
497 1297 584 1341 mare
603 1275 776 1364 gentisque
791 1296 876 1360 qnae
890 1273 975 1340 circa
990 1286 1068 1340 sunt
1089 1287 1125 1341 et
1147 1299 1219 1343 cum
1235 1277 1281 1342 his
1291 1295 1318 1341 at

154 1378 354 1456 Armeniam,
371 1375 587 1442 determinans
602 1374 643 1440 ab
658 1374 780 1440 oriente
792 1395 912 1440 oceano
925 1371 1048 1454 Serico,
1061 1375 1104 1443 ab
1120 1377 1281 1443 occidente

157 1476 298 1544 Caucasi
319 1478 420 1565 iugis,
444 1501 463 1541 a
483 1475 618 1541 meridie
639 1473 757 1553 Tauri,
787 1497 808 1539 a
828 1474 1046 1561 septentrione
1062 1499 1188 1543 oceano
1204 1476 1280 1563 Scy·

156 1579 253 1658 thieo,
276 1590 386 1665 patere
400 1600 465 1663 qua
479 1578 644 1665 cognitum
658 1587 708 1640 est
722 1596 885 1641 ccccuxxx
899 1597 970 1662 np.
985 1577 1018 1640 in
1032 1579 1278 1667 longitudinem,

156 1703 271 1748 eaxan
282 1682 317 1746 in
329 1680 532 1745 latitudinem
550 1677 702 1764 prodidit.
722 1675 796 1741 Non
811 1677 928 1742 desunt
945 1701 1022 1744 vero
1044 1681 1102 1763 qui
1123 1681 1195 1747 eius
1215 1704 1279 1746 ma·

155 1783 201 1850 ris
222 1785 408 1849 universum
430 1780 598 1846 circuitum
620 1779 737 1843 afreto
759 1777 880 1843 viciens
902 1787 934 1843 et
954 1780 1154 1865 quinquiens
1176 1794 1278 1848 cente.

155 1885 207 1949 nis
228 1909 252 1948 n
271 1908 304 1970 p.
328 1884 468 1948 tradunt.
499 1880 660 1966 Inrumpit
686 1891 794 1945 autem
816 1880 893 1944 artis
920 1879 1070 1947 faucibus
1093 1894 1128 1948 et
1153 1884 1189 1948 in
1214 1885 1316 1950 lon-as

156 1985 336 2074 gitudinem
358 1982 507 2069 spatiosis
529 1992 641 2066 atque,
670 1981 727 2046 ubi
754 1980 861 2067 eoepit
885 1981 919 2046 in
944 1982 1154 2050 latitudinem
1173 1986 1278 2076 pandi,

155 2086 274 2151 lunatis
293 2085 476 2169 obhquatur
491 2082 651 2160 cornibus,
672 2082 762 2146 velut
781 2081 823 2145 ad
836 2080 1015 2146 Maeotium
1035 2084 1145 2149 lacum
1167 2086 1208 2152 ab
1228 2109 1279 2152 ore

155 2186 375 2264 descendens,
409 2183 523 2262 sicilis,
553 2192 590 2247 ut
616 2191 728 2247 auctor
753 2191 803 2246 est
829 2180 878 2246 M.
910 2182 1032 2263 Varro,
1064 2186 1277 2252 similitudine.

153 2285 282 2352 Primus
305 2287 393 2352 sinus
419 2283 600 2370 appellatur
622 2279 795 2366 Scythicus
802 2306 811 2358 ;
838 2282 999 2368 utrimque
1022 2285 1110 2350 enim
1131 2287 1278 2355 aduolant

155 2387 299 2474 Scythae
322 2399 354 2454 et
374 2409 434 2472 per
456 2383 621 2472 angustias
642 2381 727 2447 inter
748 2405 783 2448 se
805 2394 990 2464 comeant,
1020 2386 1097 2452 hino
1118 2387 1277 2454 Nomades

153 2578 314 2642 potissimum
330 2589 412 2638 neque
424 2573 475 2622 alio
486 2573 545 2620 loeo
558 2578 774 2621 commemoraret.
797 2572 900 2622 Scilicet
914 2574 1066 2624 habitabant
1082 2577 1121 2626 illi
1137 2579 1204 2628 inter
1219 2579 1275 2643 Scy·

153 2647 251 2694 thionm
263 2658 387 2692 oceanum
402 2648 427 2690 et
441 2640 563 2702 Caspium
578 2653 654 2698 mare,
672 2647 697 2687 et
713 2641 751 2687 nti
762 2639 813 2688 hoc
829 2654 862 2688 ex
878 2640 923 2690 illo
939 2642 1017 2702 nasci,
1034 2643 1072 2692 ita
1088 2647 1200 2708 populos
1215 2647 1276 2696 inter

152 2721 287 2773 utrumque
304 2711 448 2760 habitantes
464 2708 541 2757 etiam
556 2714 692 2768 utrumqne
707 2707 821 2756 habitare
838 2708 905 2757 dicit.
924 2749 955 2756 ..
974 2725 1066 2760 aversa
1079 2711 1164 2774 Asiae,
1176 2713 1205 2762 R
1231 2713 1274 2764 ad·

153 2794 225 2829 uersa
241 2776 328 2838 Asiae,
344 2780 374 2827 P.
396 2775 476 2826 Asiae
492 2790 590 2833 aversa,
607 2774 660 2823 Td.
682 2813 713 2821 ..
732 2772 880 2824 miniterium
897 2783 927 2836 et,
944 2776 1023 2826 RPd.
1043 2819 1076 2826 -
1096 2795 1113 2827 α
1130 2780 1228 2839 duobus,
1244 2781 1272 2830 P.

154 2887 185 2896 -
206 2843 322 2910 Caspium
340 2854 360 2893 et
376 2841 536 2907 Hyrcaniam,
548 2842 632 2890 RPd.
646 2882 677 2890 ..
695 2838 942 2906 Euxinum-putat
958 2858 1009 2893 om.
1026 2846 1056 2894 P.
1076 2887 1109 2895 ..
1130 2844 1274 2908 Clitarchus,

152 2928 176 2962 v.
197 2912 280 2964 Geier.
302 2914 397 2976 scriptu.
418 2911 495 2960 Alex.
516 2911 553 2958 M.
574 2923 599 2971 p.
623 2913 679 2959 164,
703 2949 735 2957 ..
760 2907 940 2969 Eratosthenes,
963 2926 988 2973 p.
1011 2917 1050 2961 90.
1074 2917 1114 2963 cd.
1132 2916 1225 2965 Bemh.
1244 2955 1273 2964 .-

153 2991 182 3043 et,
200 2996 249 3030 orn.
266 2982 296 3030 P.
316 3022 347 3029 ..
370 2989 393 3028 et
408 2975 516 3037 meridie,
533 2977 628 3026 TPdr.
657 2985 679 3024 et
694 2975 803 3036 meridie,
821 2977 852 3026 R.
880 2976 915 3025 ad
930 2977 1059 3040 meridiem,
1077 2976 1108 3041 β.
1127 3023 1159 3032 ..
1183 2980 1274 3033 Canda-

153 3048 215 3108 siae‚
227 3049 256 3098 P.
271 3089 301 3096 -
321 3063 422 3111 equora,
434 3047 463 3096 Ρ.
477 3085 508 3093 ..
528 3042 656 3109 quinquies
669 3041 733 3092 mille
749 3040 834 3093 CCCC
844 3042 936 3106 stadia,
948 3047 972 3094 d.
991 3047 1125 3110 quinquies
1136 3048 1201 3100 mille
1217 3049 1276 3100 CCC

153 3116 247 3178 stadia,
259 3117 313 3179 Ity.
332 3112 419 3164 stadia
433 3110 612 3174 qnadrinqenta
625 3111 731 3173 quinque
748 3110 833 3170 millia,
845 3111 874 3161 P.
894 3152 923 3160 ..
939 3127 988 3177 per
1003 3113 1156 3178 Anariacas,
1169 3117 1272 3168 Salmas.

153 3198 235 3233 exerc.
253 3197 277 3245 p.
299 3189 354 3232 148.
371 3183 396 3230 b.
412 3180 446 3229 A.
462 3181 507 3238 B.,
530 3180 599 3240 quod
617 3192 664 3240 ego
690 3180 717 3227 in
738 3195 765 3228 os
786 3180 889 3228 mutavi.
916 3180 1072 3244 paratiores,
1094 3186 1141 3235 R'.
1170 3187 1274 3248 peretto·

153 3266 201 3310 cos,
214 3251 258 3299 R2.
275 3264 321 3312 per
332 3248 444 3305 Atianos,
456 3249 508 3297 Td.
524 3245 644 3310 panaces,
655 3245 685 3295 P.
702 3260 749 3307 per
760 3244 920 3307 Aratiatieos,
931 3243 961 3308 β.
975 3289 1006 3297 -
1023 3250 1155 3311 Amardos,
1167 3251 1271 3302 Casaub.

152 3318 186 3365 ad
202 3316 320 3366 Strabon.
343 3321 382 3363 11.
403 3329 427 3377 p.
442 3319 499 3363 508.
521 3311 649 3372 Amardos,
666 3309 770 3373 RPdss.
798 3354 829 3362 ..
856 3313 926 3375 Zoni,
944 3316 1023 3365 RPd.
1050 3315 1109 3378 Oxi,
1125 3317 1232 3368 Casaub.
1249 3333 1270 3382 γ.

152 3383 213 3432 Vid.
225 3384 334 3434 Parisot.
347 3383 417 3432 adh.
430 3382 447 3430 l.
460 3397 485 3446 p.
499 3385 556 3455 nat.
575 3421 607 3429 ..
629 3376 750 3440 DCCCC,
768 3374 873 3431 aaut.
896 3397 975 3432 novem
987 3392 1081 3434 centum
1093 3385 1172 3436 millia
1180 3403 1273 3452 passus,

99 3525 102 3528 ,
152 3467 182 3516 Ρ.
201 3509 232 3517 ..
252 3465 375 3526 Iaxartis,
397 3468 421 3515 d.
448 3464 582 3526 Iaaastiri,
603 3465 635 3513 R.
662 3462 815 3525 lasatissum,
831 3466 861 3515 P.
891 3463 1012 3528 laxarem,
1024 3470 1055 3518 T.
1080 3511 1113 3518 -
1137 3467 1208 3532 ΜΜ,
1225 3471 1273 3521 Td.

153 3532 201 3595 M,
212 3528 296 3594 RPss.
310 3574 341 3582 -
355 3531 490 3597 quindecim
501 3542 602 3593 centum,
614 3533 643 3581 P.
657 3572 689 3579 -
703 3533 872 3595 quadraqinta
883 3531 961 3584 millia
973 3535 1064 3597 stadia,
1076 3538 1111 3587 K.
1124 3579 1155 3587 ..
1170 3535 1236 3598 duic,
1246 3537 1272 3586 P.

186 3601 255 3661 §az
274 3601 316 3661 sis,
328 3602 359 3651 Τ.
379 3642 410 3649 -
428 3599 569 3651 Armeniam
581 3600 702 3659 maiorem,
714 3600 805 3663 legisse
816 3601 914 3650 videtur
925 3603 1019 3651 Dieuil.
1032 3605 1053 3653 I.
1066 3610 1091 3664 8,
1104 3611 1128 3654 2.
1146 3646 1178 3655 -
1198 3604 1273 3654 deter-

151 3670 253 3729 minans,
267 3671 290 3718 d.
310 3665 491 3731 determinatas,
504 3669 535 3717 R.
555 3665 701 3725 determinat,
713 3669 742 3717 P.
756 3707 787 3715 ..
806 3666 899 3728 Serico,
914 3669 1009 3718 Dieuil.
1028 3669 1127 3732 Perta,
1139 3673 1193 3722 Rd.
1211 3671 1273 3720 Par-

153 3737 222 3798 thico,
238 3738 267 3787 P.
287 3777 318 3784 -
337 3745 359 3784 et
375 3739 414 3796 ab,
431 3738 460 3785 P.
479 3777 510 3784 -
532 3732 644 3794 Caucasi,
660 3735 719 3784 ΒΡ.
752 3733 881 3796 Caucasis,
898 3739 922 3785 d.
949 3735 1139 3797 concartau.
1158 3739 1272 3802 „iuqa

151 3805 184 3853 R.
208 3845 240 3852 -
264 3812 285 3852 et
301 3820 325 3862 a,
341 3803 370 3852 P.
389 3845 420 3852 -
441 3801 525 3862 latere,
541 3803 573 3852 R.
601 3799 742 3859 latitudine,
757 3804 787 3852 P.
811 3843 842 3850 -
866 3820 946 3867 quam,
961 3805 994 3854 R.
1013 3845 1046 3854 -
1066 3802 1272 3865 CCCCLXXX,

151 3871 226 3922 RTd
248 3866 368 3933 (Dieuil.)
402 3868 554 3932 CCCCXX,
573 3871 602 3919 P.
636 3868 872 3930 CCCCLXXXX,
892 3865 943 3934 βγ.
967 3912 999 3921 -
1023 3871 1181 3936 lanqitudine,
1201 3877 1226 3924 d.
1243 3912 1272 3922 -

154 3934 228 3989 CCX
228 3935 248 3986 C
259 3936 297 3986 M.
311 3937 336 3984 in
349 3937 508 3999 latitudinem,
520 3940 552 3987 R.
571 3939 597 3986 in
610 3935 740 3987 latitudine
755 3934 853 3998 CCXC,
863 3940 887 3987 d.
905 3938 931 3987 in
945 3936 1096 3989 latitudinem
1111 3937 1273 4000 CCLXXX,

150 4005 245 4054 Dieuil.
272 4003 368 4055 CCXC
377 4005 445 4055 melia
454 4022 551 4068 paruas.
577 4003 609 4054 In
621 4004 767 4071 lonqitudine
779 4014 868 4054 centum
880 4005 966 4069 uiqintt‘
976 4005 1053 4068 milia,
1065 4007 1095 4057 Ρ.
1115 4049 1147 4057 ..
1165 4007 1222 4059 Non
1235 4007 1273 4057 de·

151 4080 291 4132 manaem,
309 4075 332 4120 d.
356 4073 404 4122 nori
416 4073 483 4133 desit,
503 4074 535 4122 R.
559 4072 666 4123 Nomina
682 4089 737 4122 vero
754 4069 847 4135 desunt,
863 4074 893 4122 Ρ.
913 4115 944 4123 ..
962 4075 1038 4124 maris
1055 4074 1200 4137 universum,
1216 4077 1272 4126 ΒΡ.

153 4136 231 4185 maris
243 4153 308 4187 nunc
320 4139 463 4201 universum,
475 4143 527 4191 Td.

185 4201 253 4262 §38-
272 4205 343 4264 artis,
357 4207 435 4258 RPd.
459 4210 530 4258 Haec
548 4212 626 4272 petita
644 4219 702 4258 sunt
718 4223 751 4257 ex
766 4208 978 4270 Mela111.·s‚a.
998 4251 1029 4259 -
1049 4220 1077 4272 et,
1089 4210 1198 4263 RTPd.
1217 4211 1272 4262 Om.
