2714 4710
588 285 779 330 puerulum.
1189 288 1250 330 ¹111

119 443 191 508 risa·
212 433 265 511 35,
283 432 354 497 170.
379 428 467 496 lectio
493 437 616 513 vulgata
640 458 696 496 noa
711 441 770 498 nisi
783 439 869 497 timos
885 453 951 496 cum
965 454 985 497 a
998 436 1145 499 nonnullis
1158 438 1250 499 lubra·

84 584 87 591 ·
118 549 172 607 riis
186 567 240 625 per
255 565 384 606 errorem
400 546 509 623 scripta
530 555 606 606 esset
619 567 675 605 noa
690 550 718 607 si
731 549 828 618 bimos,
842 546 956 605 scribae
969 546 1106 607 Toletani
1119 555 1149 607 et
1163 548 1251 609 Pari·

120 657 223 716 aiensis
243 656 282 728 d,
302 664 337 714 ut
356 662 434 714 certe
453 673 540 716 voces
559 655 644 714 facile
664 655 827 714 intellectae
845 655 1025 731 legerentur,
1046 656 1177 717 iecerunt
1197 677 1252 718 noa
1344 634 1350 648 ⁸

121 768 180 826 sibi
197 785 273 833 mos,-
293 760 347 838 35,
368 761 419 825 73.
441 783 522 823 mera
541 763 737 848 interpolandi
750 764 872 824 libidine
886 764 951 823 voci
964 765 1070 826 Rornae
1083 767 1114 825 in
1128 776 1252 842 utroque

123 875 225 934 codice
243 874 362 933 additur
381 884 485 946 autem,
509 881 539 932 et
557 869 609 946 36,
632 869 681 932 16.
701 872 891 949 provulgata
905 874 1015 934 Parias
1029 884 1056 934 et
1069 885 1160 935 aetate
1175 894 1253 935 unus

125 984 155 1041 T
170 986 261 1043 babet
270 1003 332 1070 por
346 986 372 1042 ei
385 994 447 1042 orte
462 985 521 1042 sed.

168 1091 270 1152 Codex
289 1094 468 1152 Parisieasis
488 1094 596 1168 Reqiae
619 1088 702 1153 6795
723 1090 767 1171 (a)
789 1092 899 1152 saeculi
918 1093 1006 1152 VIII.
1022 1093 1071 1153 vel
1084 1093 1144 1154 IX.
1158 1113 1253 1155 mem-

123 1204 301 1275 branaceus,
322 1201 418 1260 farma
437 1203 567 1261 maxima
587 1201 691 1261 litteris
705 1200 840 1262 Gothicis
854 1202 931 1261 binis
945 1203 1087 1263 columnis
1101 1214 1253 1277 amatus,

117 1309 216 1368 fibros
230 1309 429 1368 LXXXII.
450 1311 587 1371 continet.
612 1310 681 1370 Hac
695 1312 731 1370 de
744 1312 820 1370 libro
834 1312 951 1389 egregio
964 1310 1066 1387 paucis
1080 1311 1201 1389 defungi
1214 1312 1254 1373 li·

126 1429 184 1492 cet,
206 1438 273 1478 cum
292 1421 324 1477 in
346 1421 518 1479 universum
539 1427 652 1480 tantam
672 1420 890 1480 similitudinem
911 1439 978 1478 cum
992 1421 1184 1480 Riccardiano
1197 1423 1253 1481 ha·

125 1532 205 1602 beat,
227 1536 261 1587 ut
278 1536 436 1604 utrumque
457 1550 495 1589 ax
514 1531 617 1589 eodem
636 1530 716 1589 fonte
734 1530 873 1589 haustum
892 1549 958 1589 esse
975 1541 1126 1607 appareat.
1150 1531 1187 1589 Id
1201 1532 1254 1592 de·

125 1644 293 1696 monstrant
311 1647 341 1696 et
357 1639 446 1696 index
467 1638 536 1698 libri
554 1640 580 1697 I.
599 1615 775 1714 in'utroque
795 1639 893 1697 codice
912 1657 979 1696 cum
1000 1639 1102 1699 ceteris
1123 1640 1196 1698 locis
1211 1641 1254 1698 si-

126 1747 268 1805 millimus
293 1754 357 1805 tum
381 1748 483 1807 multis
507 1748 653 1806 lemmatis
679 1748 748 1806 libri
771 1745 928 1805 XXXIV.
952 1746 982 1805 in
1005 1746 1081 1805 libro
1100 1745 1256 1806 XXXIII.

126 1857 271 1932 repetitis,
293 1865 323 1914 et
342 1858 503 1933 pleraeque
523 1857 622 1915 variae
640 1856 779 1915 lectiones
797 1856 915 1931 utrique
934 1856 1028 1914 codici
1042 1874 1208 1915 communes
1222 1863 1253 1914 et
1320 1857 1324 1866 “

127 1965 311 2041 perturbatio
331 1965 470 2024 foliorum
489 1966 557 2024 libri
569 1967 611 2024 Π.
626 1964 684 2024 IV.
699 1964 751 2038 V.,
771 1966 808 2023 de
829 1983 888 2040 qua
901 1965 964 2023 dixi
977 1965 1016 2024 ad
1029 1964 1256 2025 Ricoardianum

128 2075 218 2132 etad
237 2073 279 2132 11.
303 2079 318 2144 ξ
339 2070 411 2134 187.
437 2074 590 2134 Librarius
612 2064 709 2134 tamen
727 2074 815 2134 huius
834 2075 943 2133 codicis
964 2094 984 2132 a
1004 2091 1085 2147 rem,
1108 2092 1176 2133 cum
1191 2094 1256 2135 eam

130 2183 347 2256 quodammodo
367 2184 477 2242 sarcire
495 2184 594 2257 vellet,
616 2185 712 2260 magis
733 2184 822 2242 etiam
842 2184 997 2260 implicuit,
1031 2181 1202 2258 „Namque
1222 2193 1258 2243 ut

129 2291 215 2350 Iani
229 2293 327 2355 verbis
342 2299 411 2351 utar
425 2291 585 2351 observatt.
600 2294 678 2352 critt.
692 2311 723 2368 p.
740 2286 781 2363 5.,
795 2293 828 2349 in
841 2291 909 2351 libri
922 2290 965 2350 Π.
980 2295 995 2362 ἕ
1012 2287 1083 2352 187.
1098 2294 1210 2351 inserta
1223 2300 1258 2351 ut

129 2401 161 2458 in
175 2401 367 2460 Riccardiano
386 2401 454 2460 libri
467 2401 524 2460 IV.
545 2408 630 2478 parte
643 2401 815 2479 posteriore,
830 2400 898 2459 huic
911 2401 1063 2459 subiunxit
1076 2401 1184 2459 librum
1197 2399 1257 2460 HI.

116 2519 163 2572 ,et
181 2510 248 2569 libri
267 2510 323 2569 IV.
344 2519 458 2588 partem
478 2511 616 2587 priorem,
636 2528 725 2585 qnam
739 2510 847 2586 excipit
860 2509 929 2569 libri
941 2509 982 2568 V.
997 2527 1068 2585 pars
1081 2511 1259 2586 posteriora

131 2621 232 2680 verbis
251 2615 333 2690 534.
354 2622 394 2679 iti
415 2621 643 2696 restagnantibus
664 2621 864 2679 Mauretaniae
878 2623 981 2696 aquia3
1002 2621 1160 2696 posthanc
1173 2620 1257 2678 deni·

130 2747 192 2804 que
201 2729 377 2806 interposuit
385 2729 453 2788 libri
463 2728 503 2788 V.
515 2736 630 2806 partem
640 2729 765 2805 priorem
772 2736 802 2786 et
811 2727 879 2786 libri
885 2727 927 2788 H.
934 2735 1048 2805 partem
1054 2730 1257 2806 posteriorem.

68 2859 82 2875 .
130 2835 290 2899 comesor
303 2847 401 2897 autem
415 2838 520 2914 aliquis
535 2842 685 2898 turbatum
699 2838 831 2896 ordinem
845 2837 932 2914 signis
947 2838 1089 2914 appositis
1107 2837 1258 2896 restituere

133 2956 257 3007 conatus
267 2948 297 3006 in
307 2947 372 3006 aliis
382 2948 455 3006 locis
467 2948 525 3006 alia
535 2949 700 3025 adscripsit,
713 2947 818 3022 quibus
829 2946 968 3004 lectorem
979 2947 1029 3004 vel
1038 2965 1256 3016 amanuensem,
1276 2939 1279 2943 ’

132 3057 188 3133 qui
200 3055 257 3116 hoc
270 3059 419 3135 exemplar
432 3058 598 3118 describere
611 3057 708 3114 iussus
723 3065 796 3126 erat,
811 3056 850 3120 de¹
858 3073 930 3112 vera
943 3053 1086 3128 abruptas
1095 3053 1150 3113 has
1159 3062 1258 3130 partes

134 3166 332 3244 coniungendi
358 3168 470 3226 ratione
496 3165 694 3224 admoneret.”
719 3164 778 3221 Hic
796 3180 912 3238 quoque
931 3163 1023 3220 codex
1044 3181 1082 3220 ex
1102 3162 1259 3241 archetypo

136 3275 302 3336 uncialibus
320 3277 425 3336 litteris
445 3284 565 3334 exarato
581 3269 627 3356 (2,
643 3270 694 3334 82.
709 3276 762 3333 celi
771 3291 825 3349 pro
836 3270 900 3347 aea)
914 3290 981 3330 cum
996 3273 1067 3335 satis
1081 3271 1260 3349 negligenter

135 3385 299 3462 descriptus
318 3394 406 3456 esset,
424 3386 534 3462 pariter
553 3403 589 3442 ac
606 3383 814 3442 Riccardianus
834 3400 954 3440 manum
968 3372 1191 3442 emendatricem
1204 3402 1258 3442 ex·

133 3500 238 3570 pertus
257 3502 311 3567 est,
333 3514 422 3570 quam
442 3495 472 3551 in
492 3494 615 3551 editione
633 3493 678 3564 a2,
698 3511 818 3550 manum
831 3492 956 3568 primam
969 3493 1003 3549 a¹
1017 3493 1087 3550 dixi.
1112 3494 1177 3550 Iam
1192 3512 1259 3551 oum

134 3602 255 3663 Ianus
266 3605 421 3678 utriusque
430 3604 496 3661 libri
506 3603 722 3661 similitudinem
733 3621 797 3659 eam
807 3602 979 3671 invenisset,
991 3602 1124 3678 utprimc
1132 3602 1259 3658 alterum

135 3732 177 3771 ex
195 3713 287 3772 altero
303 3713 479 3790 descriptum
493 3731 557 3771 esse
570 3720 696 3789 putaret,
717 3712 797 3786 quod
809 3710 947 3768 facillime
962 3711 988 3768 ei
1002 3711 1133 3769 accidere
1145 3717 1260 3787 poterat

134 3823 278 3882 fasciculo
292 3822 451 3882 lectionum
465 3823 724 3881 Riccardianarum
738 3821 797 3878 iam
810 3820 841 3877 in
856 3818 1046 3878 Germaniam
1060 3820 1161 3892 misso,
1181 3823 1259 3881 unde

136 3933 295 4008 utriusque
309 3933 375 3991 libri
389 3933 472 3991 dotes
487 3932 652 3990 accuratius
665 3931 741 3987 inter
761 3947 793 3985 se
813 3927 942 3986 conierre
956 3947 1015 3987 non
1029 3931 1133 4004 potuit,
1149 3930 1259 3990 factum

135 4049 196 4113 est,
216 4049 251 4100 ut
268 4041 335 4100 huic
349 4043 423 4100 libro
437 4040 527 4118 paulo
541 4040 683 4099 minorem
697 4055 798 4095 curam
811 4037 992 4114 impenderet
1005 4046 1035 4096 et
1048 4057 1159 4115 paucos
1172 4044 1260 4100 moda

136 4151 202 4211 eius
217 4127 306 4211 libros
321 4151 474 4210 conterret.
491 4149 549 4210 Sed
562 4154 768 4226 praeterquam
783 4147 872 4221 quod,
888 4155 921 4207 ut
933 4148 996 4223 ipse
1005 4159 1106 4224 postca
1116 4151 1260 4210 intellexit
