2714 4710
569 299 785 351 rusnnsrro.
1220 287 1238 350 9

117 448 262 535 potuisse
290 470 324 513 se
352 448 514 527 desidere,
547 451 580 514 ni
613 452 736 517 animus
767 452 893 535 inquies
919 463 1104 537 pasceretur
1131 475 1237 538 opere.

117 557 272 624 Proiecto
299 558 384 622 enim
410 560 522 644 populi
549 561 693 647 gentium
725 561 856 627 victoris
872 558 916 625 *et
938 554 1077 626 Romani
1103 563 1238 627 nominis
1254 578 1284 624 17

117 666 254 755 gloriae,
281 688 347 730 non
376 689 453 733 suae
481 662 698 763 domposuisse
725 669 779 734 illa
807 670 931 747 decuit3
960 670 1063 734 maius
1090 670 1239 746 meritum

118 777 337 864 esset’operis
364 799 482 855 amore,
510 801 574 842 non
601 762 698 844 animi
730 801 827 844 causa
858 801 1085 864 perseverasse
1119 790 1152 844 et
1178 781 1240 846 hoc

116 866 244 972 pbpulo'
259 885 405 951 Romano
427 887 637 972 praestitisse,
661 909 726 951 non
748 887 818 952 sibi.
862 887 990 975 Viginti
1018 888 1106 967 milia
1131 911 1239 954 rerum

117 996 288 1084 dignarum
316 1017 394 1060 cura
421 995 598 1081 (quoniam,
632 1005 668 1060 ut
694 997 740 1060 ait
764 995 928 1061 Domitius
954 995 1042 1075 Piso,
1072 997 1238 1081 thesauros

117 1114 245 1190 oportet
266 1126 348 1183 esse,
364 1101 440 1169 'non
460 1103 575 1189 libros)
597 1105 735 1194 lectione
762 1104 958 1171 voluminum
985 1105 1112 1172 circiter
1138 1108 1239 1172 dnum

116 1214 250 1292 milium,
279 1235 416 1297 quorum
437 1235 541 1298 pauca
566 1214 738 1278 admodum
765 1192 901 1280 studiosi
923 1215 1085 1303 attingrmt
1105 1227 1238 1303 propter

39 1328 43 1332 ’
117 1333 279 1389 secretum
299 1322 463 1401 materiae,
487 1345 528 1388 ex
550 1323 717 1406 exquisitis
739 1324 922 1389 auctoribus
951 1335 1079 1390 centum
1105 1326 1237 1393 inclusi-

116 1433 343 1520 mus'triginta
364 1454 422 1497 sex
443 1433 668 1512 voluminibus,
696 1433 829 1499 adiectis
855 1434 952 1500 rebus
977 1436 1135 1520 plurumis
1158 1456 1237 1519 quas

117 1552 173 1607 aut
205 1541 434 1628 ignoraverant
464 1540 587 1627 priores
619 1552 676 1629 ant
706 1552 820 1628 postea
845 1543 1012 1609 invenerat
1043 1545 1119 1610 vita.
1167 1544 1237 1611 Nec
1252 1561 1283 1605 rs

117 1650 301 1716 dubitamus
326 1651 428 1716 multa
452 1672 539 1728 esse,
568 1671 650 1733 quae
678 1661 711 1715 et
736 1673 795 1715 nos
821 1652 1059 1736 praeterierint3
1091 1652 1237 1718 homines

117 1760 203 1824 enim
225 1782 336 1825 sumus
358 1769 392 1824 et
412 1760 562 1844 occupati
583 1759 699 1824 officiis
714 1759 947 1843 subsicivisque
963 1761 1160 1846 temporibus
1175 1760 1238 1827 ista

117 1869 322 1950 cmamusqffl
344 1878 393 1934 est
413 1861 589 1945 nocturnis,
617 1890 658 1933 ne
681 1869 752 1952 quis
774 1876 914 1934 vestrum
937 1869 1105 1955 putet'his
1129 1893 1236 1937 cessa-

117 1987 184 2043 tum
204 1978 304 2042 horis.
340 1976 422 2043 Dies
444 1976 536 2043 vobis
556 1977 769 2063 inpendimus,
793 1999 867 2042 cum
889 1999 999 2043 somno
1020 1964 1236 2047 valetudinem

116 2080 339 2174 conputamus,
367 2087 420 2152 vel
446 2087 508 2150 hoc
536 2088 602 2153 solo
623 2086 765 2171 praemio
788 2074 941 2166 comenti,
967 2089 1054 2185 quod
1075 2090 1153 2154 dum
1173 2091 1236 2154 ista

116 2197 169 2284 (ut
189 2197 235 2261 ait
256 2194 449 2282 M.·Varro)
471 2197 677 2276 musinamur,
699 2196 845 2282 pluribus
866 2195 953 2262 horis
974 2198 1128 2277 vivimus3
1157 2221 1234 2284 pro-

114 2305 200 2373 fecto
223 2307 310 2372 enim
330 2306 397 2372 vita
417 2306 527 2394 vigilia
548 2314 606 2370 est.
644 2303 772 2385 Quibus
794 2305 835 2369 de
857 2307 963 2370 causis
978 2316 1075 2389 atquc
1095 2308 1233 2373 difficul-
1250 2323 1281 2366 1⁹

115 2415 236 2482 tatibus
262 2415 352 2480 nihil
368 2404 446 2480 ansb
473 2416 660 2501 promittere
686 2413 748 2479 hoc
774 2414 881 2511 ipsum
909 2424 945 2478 tu
965 2426 1120 2501 praestas,
1147 2417 1234 2500 quod

114 2564 248 2614 tustissimi
266 2579 307 2628 sp.
324 2559 494 2624 Tumebum.)
512 2563 626 2624 desinere,
643 2557 715 2626 bssr.
729 2601 759 2609 ..
772 2563 805 2624 ui,
817 2562 876 2611 bd¹.
888 2571 920 2624 ur,
932 2558 987 2613 d²A
992 2565 1040 2615 Pr.
1055 2603 1083 2613 -
1098 2565 1196 2630 inquies,
1207 2567 1232 2616 b.

114 2632 240 2697 iuquiesce,
254 2633 291 2681 d¹.
303 2633 328 2681 in
340 2634 422 2696 quiete,
434 2627 545 2680 d²rAP.
848 2664 853 2674 .

147 2697 163 2759 i
177 2703 217 2750 1⁷.
235 2699 322 2764 qbcia,
334 2700 364 2749 P.
380 2739 408 2746 -
423 2715 489 2759 suae,
500 2692 591 2748 deA
606 2694 731 2759 (Murbac.
745 2702 770 2746 et
781 2710 869 2747 omnes
882 2700 955 2749 codd.
967 2696 1092 2760 Bezzon.)
1104 2700 1157 2761 sebi,
1169 2701 1234 2750 Vsl-

112 2766 190 2816 licell.
207 2805 233 2813 -
249 2765 326 2827 milia,
339 2767 434 2815 omittit
446 2767 483 2815 d'.
498 2805 524 2814 ..
542 2766 654 2826 domim,
667 2766 696 2814 P.
712 2804 741 2812 -
760 2763 861 2826 lectione,
879 2767 979 2817 TPbd.
997 2784 1027 2816 ex
1039 2767 1141 2827 lectione,
1153 2763 1173 2815 Δ
1179 2763 1201 2828 β
1206 2782 1232 2832 γ.

47 2849 55 2863 ·
115 2874 142 2882 -
158 2851 196 2896 ec,
208 2834 282 2883 de.
296 2834 425 2884 Omittunt
436 2827 494 2882 ΤΔ.
509 2872 536 2880 -
556 2831 711 2894 XXXVII,
728 2833 847 2882 nonnulli
865 2837 938 2885 codd.
951 2849 992 2898 ap.
1004 2835 1184 2885 Remmicum.
1202 2873 1230 2882 -
1325 2831 1328 2836 ’

114 2899 220 2962 amuis,
234 2915 328 2964 operae
338 2901 471 2951 Hsrduini.

144 2967 216 3028 §1⁸-
240 2968 321 3031 mubu,
338 2963 429 3018 bdth
447 2965 549 3030 (Ambr.
565 2969 587 3018 Ι.
604 2964 653 3028 11.)
667 2967 755 3031 plura,
776 2968 875 3018 Iovian.
893 2967 997 3030 Ugolet.
1017 3005 1045 3015 -
1066 2984 1128 3030 quac
1145 2976 1168 3015 et
1183 2984 1233 3028 uos,

113 3030 186 3086 burt.
206 3052 269 3100 quae
286 3053 335 3096 uos,
353 3036 384 3085 P.
402 3053 497 3100 queque,
512 3036 547 3085 T.
571 3073 597 3082 ..
618 3044 639 3083 ct
655 3036 771 3098 occupati,
789 3034 885 3082 omittit
895 3035 925 3083 P.
947 3072 976 3080 -
995 3034 1174 3095 subsicivisque,
1186 3036 1233 3083 Td

114 3099 256 3165 (Murbac.)
267 3103 424 3168 rubricisque,
439 3104 464 3152 b.
483 3103 660 3164 subsicinisque,
677 3102 707 3150 P.
724 3101 900 3163 sudariumque,
912 3094 933 3147 Δ
947 3098 1034 3163 (codd.
1046 3097 1196 3160 Rezzonici)
1207 3115 1233 3164 r.

80 3163 1232 3234 .MmmwssmssflfflwfflmfflmfflmmmmmmWff-

113 3237 141 3286 id
155 3247 191 3288 est
206 3239 334 3301 cadurcis,
350 3234 444 3288 bdAP
462 3236 573 3299 (Iovian.
592 3236 635 3284 clii
647 3250 687 3298 ap.
699 3230 825 3294 Ramon.)
844 3234 972 3285 Omittunt
983 3236 1096 3285 Murbac.
1108 3235 1198 3284 Ambr.
1211 3237 1233 3286 Ι.

112 3305 148 3354 Π.
162 3344 190 3353 -
206 3305 261 3370 φάε
273 3315 382 3367 umqum,
394 3300 531 3355 dePAir
548 3299 688 3365 (Murbao.)
707 3302 768 3366 quid
783 3303 877 3363 uestis,
894 3303 920 3353 Κ
932 3299 1057 3364 (Ionan.)
1070 3303 1129 3367 quid
1139 3304 1232 3364 vestris,

112 3373 254 3423 Rhenanus
264 3367 294 3433 β.
315 3412 341 3420 -
355 3381 421 3437 putet
436 3374 481 3434 iis,
498 3366 613 3421 bdrPA.
628 3371 722 3435 puetis,
740 3371 764 3420 Τ
781 3367 921 3431 (Murbac.)
933 3365 1234 3436 ss.putes,10vian.putet

112 3440 170 3501 mers,
183 3439 299 3490 Clericus
311 3447 357 3490 art.
370 3441 425 3489 crit.
439 3446 462 3500 2,
476 3445 517 3489 31.
535 3439 563 3489 si
573 3439 672 3487 Plinius
684 3439 815 3487 nocturnis
827 3439 898 3488 horis
916 3447 1037 3488 cessasset
1053 3440 1070 3488 i.
1089 3453 1110 3488 e.
1130 3439 1232 3489 labores

113 3521 174 3556 suos
184 3508 369 3569 intermisisset,
381 3509 460 3557 libros
473 3520 538 3570 quos
556 3507 654 3570 scripsit
670 3520 724 3554 non
740 3507 878 3566 noctumis,
897 3509 940 3555 sed
957 3509 1035 3556 modo
1054 3507 1149 3556 diurnis
1160 3507 1232 3556 horis

113 3575 221 3625 scribere
233 3575 359 3639 potuisset
371 3583 396 3624 et
407 3576 444 3624 ita
455 3583 563 3637 tempus,
576 3576 645 3636 qnod
658 3573 767 3631 interdiu
779 3573 924 3637 imperatori
943 3583 967 3622 at
984 3575 1020 3622 rei
1037 3574 1155 3636 publicae
1173 3576 1232 3621 darc

112 3643 228 3704 debebat,
246 3643 350 3706 privatis
368 3643 419 3692 suis
436 3643 546 3704 negotiis
563 3642 797 3705 impendisset-Ea
814 3642 845 3690 de
862 3656 939 3690 causa
955 3654 1043 3689 cavere
1054 3641 1117 3700 vult,
1129 3654 1162 3687 ne
1175 3641 1232 3701 quis

114 3716 187 3771 putet
203 3724 232 3759 se
248 3717 328 3759 noctu
344 3710 411 3759 nihil
427 3710 497 3760 eliud
514 3710 565 3759 nisi
582 3710 705 3771 dormire3
724 3716 749 3758 et
766 3723 824 3757 cum
842 3710 928 3758 statim
945 3706 1011 3757 infra
1022 3708 1089 3757 dicat
1102 3707 1153 3757 dies
1166 3708 1232 3757 uobis

113 3776 269 3841 sbpendimm,
281 3777 341 3827 inde
352 3778 466 3840 sequitur
477 3779 556 3827 libros
569 3791 634 3839 quos
646 3777 749 3840 scripsit
756 3776 888 3825 nocturnis
900 3776 971 3825 horis
984 3775 1128 3824 elaboratos
1144 3771 1231 3835 fuisse,

112 3844 205 3906 quibus
217 3859 244 3894 sc
256 3859 310 3894 non
322 3859 420 3895 cessure
431 3847 499 3894 dicit.
513 3883 539 3892 -
555 3845 715 3904 vobtudiuem,
727 3843 816 3891 Ambr.
829 3845 849 3893 Ι.
862 3845 897 3893 Π.
910 3843 1229 3904 ulimmerianum.-

113 3920 287 3976 compietamum
299 3913 389 3974 „quasi
401 3913 525 3962 subducto
538 3911 637 3960 calculo
650 3925 708 3959 cum
721 3923 812 3958 somno
824 3916 923 3958 tantum
935 3911 1043 3970 dormio,
1057 3917 1181 3972 quantum
1193 3917 1231 3959 est

112 3979 252 4028 valetudini
269 3979 354 4029 satis.''
372 3979 527 4040 Harduinus,
546 3978 616 4026 cuius
634 3977 715 4026 altera
731 3976 757 4023 h.
775 3976 793 4023 l.
812 3977 949 4038 explicatio
967 3993 1047 4040 aequo
1064 3984 1102 4026 est
1118 3975 1184 4026 falsa
1201 3991 1231 4026 ac

114 4046 234 4096 'Inruebi
259 4087 281 4094 -
299 4047 411 4109 primum,
424 4047 454 4095 T.
514 4045 666 4104 miccinamur,
684 4039 853 4104 b(Murbac.)
866 4045 1029 4106 mussiuaruur,
1043 4040 1071 4092 Δ.
1085 4045 1229 4105 rausitcmus,

114 4113 158 4162 Td
175 4111 278 4175 (Ambr.
296 4115 317 4162 Ι.
335 4113 370 4162 Π.
388 4113 485 4163 Iovian.
503 4108 620 4175 Ugolct.)
637 4110 793 4171 mussitamus,
810 4111 843 4159 K.
862 4110 1010 4172 muniamur,
1027 4113 1056 4160 P.
1072 4113 1230 4176 *muqiuamuu
1290 4140 1293 4157 .

113 4180 252 4230 Rhenanus
263 4175 293 4240 β.
312 4180 551 4230 videndentur.
566 4179 662 4241 Synon.
676 4184 700 4239 3,
713 4183 770 4228 302.
785 4183 808 4238 6,
821 4183 878 4227 229.
894 4218 919 4226 -
937 4179 1008 4240 lteris,
1019 4180 1049 4228 P.
1066 4218 1090 4226 -
1107 4180 1185 4238 irrita,
1198 4179 1227 4227 P.

148 4244 214 4305 §la
234 4256 262 4309 et,
279 4248 309 4298 P.
329 4287 354 4296 -
377 4247 419 4308 uit,
429 4249 459 4298 P.
