2714 4710
578 315 688 363 arana
710 317 732 362 1.
1172 303 1211 366 37
1312 372 1313 377 1

89 487 267 530 caseorum.
299 464 512 531 Differentiae
534 467 749 532 membrorum
770 468 933 533 hominum
956 492 975 532 a
997 469 1126 554 reliquis
1142 470 1211 535 ani·

90 566 239 633 malibus.
268 567 321 634 De
344 567 465 653 digitis.
494 566 547 631 De
569 568 769 634 bracchiisw.
802 569 855 635 De
879 571 1043 635 simiarum
1065 572 1211 636 similitu-

90 667 175 734 dine.
211 667 265 734 De
292 668 464 756 unguibus.
502 667 555 733 De
581 669 718 756 genibus
746 680 778 735 et
805 671 990 757 poplitibus.
1028 671 1068 735 In
1095 671 1213 757 quibus

90 769 243 835 membris
258 770 399 854 corporis
414 769 546 834 humani
562 794 652 836 sacra
666 771 779 859 religio
788 776 822 837 ⁴¹.
850 771 995 838 Varices.
1018 772 1071 839 De
1086 795 1211 860 gressu.

89 869 143 936 De
152 873 178 912 ⁴⁹
206 871 343 957 pedibus
373 881 406 935 et
432 872 587 937 eruribus.
631 872 685 939 De
712 874 850 960 ungulis.
893 873 1069 938 Volucrum
1100 874 1211 959 pedes.

90 971 197 1037 Pedes
218 972 404 1036 animalium
425 995 444 1035 a
465 973 549 1037 binis
571 973 614 1036 ad
635 983 785 1039 centenos
795 977 829 1038 ⁴³.
865 973 918 1039 De
939 974 1167 1060 pumilionibus
1176 977 1210 1039 ⁴⁴.

90 1073 144 1140 De
165 1073 369 1160 genitalibus.
398 1073 451 1139 De
466 1073 743 1160 hermaphroditis.
773 1074 826 1139 De
849 1076 993 1141 testibus.
1024 1076 1137 1140 Trium
1152 1087 1211 1164 ge-

90 1165 207 1240 nerum
227 1175 377 1240 semiviri.
406 1174 459 1241 De
481 1175 601 1240 caudis.
631 1174 684 1240 De
706 1175 838 1241 vocibus
860 1176 1055 1242 animalium.
1084 1176 1137 1243 De
1153 1177 1211 1241 ad-

90 1275 296 1341 nascentibus
322 1266 483 1342 membris.
522 1276 700 1341 Vitalitatis
730 1287 762 1342 et
783 1300 908 1342 morum
929 1289 1024 1343 notae
1048 1300 1089 1342 ex
1109 1300 1211 1343 mem-

90 1375 159 1442 bris
180 1376 352 1442 hominum.
389 1377 442 1444 De
464 1377 579 1441 anima.
615 1376 703 1441 De⁴⁶
724 1378 821 1443 victu.
858 1376 952 1460 Quae
974 1401 1098 1444 veneno
1119 1389 1213 1465 pasta

91 1477 164 1563 ipsa
194 1480 293 1542 non4⁰
324 1488 459 1564 pereant
485 1489 518 1542 et
544 1488 675 1565 gustata
700 1490 824 1543 necent.
877 1477 1006 1561 Quibus
1035 1481 1076 1545 dc
1107 1480 1212 1545 causis

91 1578 186 1645 homo
206 1601 271 1644 non
293 1589 470 1664 concoquat
478 1581 512 1643 ⁴⁷.
549 1578 602 1643 De
625 1577 774 1642 remediis
801 1580 1005 1645 cruditatum.
1044 1579 1210 1660 Quemad-

93 1679 223 1744 modum
255 1681 453 1766 corpulentia
487 1680 667 1766 contingat,
705 1679 1008 1762 quemadmodum48
1041 1680 1212 1743 minuatur.

94 1777 189 1862 Quae
210 1791 311 1868 gustu
333 1781 452 1845 famem
474 1790 507 1845 et
529 1781 613 1844 sitim
623 1784 648 1820 4⁹
678 1779 799 1844 sedent.
845 1775 995 1845 Summa:
1024 1802 1075 1845 res
1103 1790 1136 1845 et
1161 1779 1211 1844 hi·

93 1881 210 1946 storiae
231 1892 264 1946 et
285 1882 523 1947 observationes
544 1883 767 1944 MMOOLXXP.

134 1981 192 2045 Ex
213 1981 470 2049 AUCTORIBUS:
505 1981 554 2045 M.
577 1981 734 2059 Varrone,
764 1979 908 2067 Hygino,
940 1977 1064 2059 Scrofa,
1096 1978 1210 2047 Saser-

92 2085 179 2162 nam,
208 2081 305 2150 Celso
327 2083 488 2161 Cornelio,
516 2082 656 2148 Aemilio
682 2081 805 2159 Macro,
835 2081 991 2169 Vergilic,
1022 2079 1210 2161 Columella,

92 2183 175 2255 Iulio
196 2184 353 2270 Aquila⁶²
375 2185 431 2268 qui
453 2183 493 2248 de
507 2183 645 2248 Etrusca
660 2184 829 2269 disciplina
849 2183 977 2268 scripsit
986 2185 1021 2260 ⁶3,
1044 2177 1212 2267 Tarquitio

93 2285 150 2369 qui
175 2286 268 2364 item,
302 2284 469 2351 Umbricio
496 2283 631 2350 Meliore
641 2289 667 2326 ⁵4
695 2285 750 2368 qui
776 2285 871 2360 item,
907 2281 1030 2347 Catone
1058 2284 1211 2361 censorio,

93 2385 238 2453 Domitio
259 2384 404 2464 Calvino,
426 2385 545 2474 Trogo,
570 2385 715 2462 Melicae,
742 2383 889 2448 Fabiano
898 2387 933 2460 ⁵⁵,
961 2381 1124 2461 Muciano,
1152 2382 1212 2447 Ni-

92 2486 193 2575 gidio,
215 2486 351 2554 Manilio
363 2489 390 2566 *,
414 2484 522 2571 Oppio
532 2490 566 2550 ⁵⁶.

135 2588 340 2654 Exraaurs:
375 2588 560 2665 Aristotele,
586 2586 782 2663 Democrito,
812 2583 1022 2672 Neoptolemo
1051 2586 1106 2670 qui
1134 2588 1212 2670 μελι·

93 2691 280 2774 torpidam,
309 2689 534 2755 Aristomacho
561 2688 617 2772 qui
643 2689 730 2765 item,
758 2686 893 2752 Philisto
923 2687 978 2772 qui
1004 2688 1081 2752 item
1091 2689 1125 2766 ⁵⁸,
1153 2687 1211 2752 Ni-

93 2790 224 2869 candro,
252 2789 449 2868 Menecrate,
478 2789 635 2873 Dionysic
657 2790 713 2873 qui
734 2788 909 2876 Magonem
932 2788 1103 2868 transtulit,
1131 2786 1211 2852 Ilm-

93 2891 238 2977 pedocle,
263 2889 470 2970 Callimacho,
497 2890 609 2955 Attalo
630 2913 718 2978 rege,
745 2889 941 2975 Apollodoro
963 2889 1019 2972 qui
1040 2887 1081 2952 de
1102 2889 1214 2954 bestiis

92 2993 272 3071 venenatis,
295 2992 503 3078 Hippocrate,
526 2991 702 3076 Herophilo
711 2995 746 3067 ⁵⁹,
773 2990 979 3064 Erasistrato,
1008 2986 1213 3073 Asclepiade,

92 3091 298 3171 Themisone,
320 3093 492 3158 Posidonio
515 3090 632 3168 Stoico,
654 3089 843 3154 Menandris
857 3088 1032 3152 Prienense
1055 3098 1087 3151 et
1107 3087 1214 3152 Hera·
1266 3131 1269 3136 -

93 3194 196 3259 cleote
206 3197 241 3272 ⁰⁰,
264 3193 449 3280 Euphronio
471 3193 650 3268 Athenaeo,
674 3189 905 3276 Theophrasto,
927 3188 1082 3268 Hesiodo,
1104 3189 1214 3255 Philo-

93 3305 216 3361 metore
237 3317 325 3383 rege.

94 3511 223 3572 bracchas,
235 3512 266 3562 T.
302 3519 342 3562 41.
360 3530 435 3563 sacra
451 3511 542 3578 reliqio,
559 3512 613 3562 Td.
632 3510 766 3576 socrelrpio,
778 3511 810 3559 R.
829 3527 859 3559 oc
876 3509 966 3575 religio,
979 3526 1001 3558 a.
1038 3516 1078 3558 42.
1096 3512 1144 3572 De,
1162 3512 1213 3560 Ra.

94 3587 124 3640 et,
137 3579 190 3631 Τὰ.
223 3585 263 3629 43.
281 3580 486 3641 cedenoaHard.
504 3579 760 3640 cemesiruos,RTad.
791 3583 832 3627 44.
848 3577 1014 3642 popilionrlmr,
1027 3577 1081 3625 Td.
1113 3578 1214 3637 aava,

94 3647 147 3696 Ba
166 3647 260 3708 etTd.
296 3653 336 3698 46.
349 3665 403 3708 aon,
416 3663 466 3696 om.
479 3648 510 3696 T.
545 3647 785 3710 47.conqueat,Ra.
821 3653 861 3696 48.
875 3644 1143 3709 quemadmodumlla.
1157 3662 1214 3707 quo-

93 3730 171 3791 mo,
184 3731 238 3780 rr.
273 3737 313 3781 a.
327 3732 429 3792 arsam,
441 3733 493 3782 aa.
505 3732 619 3795 saraque,
632 3732 684 3780 rr.
704 3737 743 3781 50.
755 3728 952 3790 Muccrxx,
966 3729 997 3778 r.
1014 3713 1213 3779 irssc‘oonee.

93 3814 165 3865 Altbt'
177 3812 364 3874 ILOGLXX,
381 3818 404 3865 d.
427 3814 588 3877 COGDCC,
605 3816 657 3865 Ra.
703 3821 742 3864 51.
762 3814 880 3873 Saserna,
905 3815 958 3863 Rd.
986 3812 1117 3873 Sassernc,
1136 3805 1213 3860 OTa.

94 3887 136 3932 ⁶2.
153 3881 256 3946 Aquila,
278 3897 329 3931 om.
351 3885 374 3932 d.
417 3889 456 3933 53.
474 3883 576 3946 scripsit,
598 3898 648 3932 om.
665 3885 688 3931 d.
730 3888 769 3930 54.
792 3880 903 3940 Meliore,
920 3881 1005 3930 RTd.
1028 3881 1146 3939 Moriere,
1165 3871 1213 3927 Oa.

94 3955 135 4000 55.
147 3947 271 4010 Fabiano,
282 3951 364 4000 RTd.
382 3951 491 4000 Favonio
503 3950 622 4009 rubiano,
635 3966 650 3998 a
662 3947 748 4010 (codd.
760 3946 850 4009 Barb.)
868 3944 894 4008 *)
906 3947 1019 4007 Manilio,
1032 3949 1068 3996 ita
1087 3961 1134 3994 nos
1155 3945 1215 3994 scri-

93 4017 204 4081 psimus3
213 4033 237 4064 v.
247 4019 279 4067 ad
291 4024 329 4078 10,
340 4024 363 4067 4.
373 4018 492 4076 Mamilio,
501 4017 604 4067 RTad.
625 4022 666 4066 56.
679 4015 763 4080 Oppio,
773 4010 872 4064 noar.
888 4013 956 4078 Opto,
966 4016 997 4064 Τ.
1024 4019 1063 4064 57.
1075 4008 1216 4077 μελιτουρ-

92 4079 165 4148 rud,
191 4085 346 4135 Harduinus.
363 4085 509 4152 melr'turqio,
527 4084 557 4133 T.
585 4083 737 4149 melissurpit,
754 4085 827 4133 Rad.
855 4081 995 4147 mellesarpi,
1009 4084 1081 4132 codd.
1102 4083 1215 4132 Barbari.

94 4157 135 4202 58.
146 4153 257 4214 Philisto,
269 4154 323 4203 Ru.
340 4153 454 4214 Pittaco,
468 4147 496 4201 θ.
507 4149 638 4212 Pldiscbo,
651 4168 673 4200 a.
691 4151 792 4200 Philisto
810 4151 854 4214 qui
864 4150 924 4210 item,
942 4165 993 4198 om.
1006 4150 1037 4199 Τ.
1080 4155 1119 4198 59.
1131 4149 1216 4199 „Hero-

90 4219 167 4284 pbilo,
185 4223 209 4270 d.
232 4220 357 4286 Eropbilo,
374 4223 435 4272 RT.
452 4220 568 4290 Eropylo,
585 4221 637 4270 Ra.
682 4224 722 4268 60.
740 4219 843 4269 Prieneo
861 4217 1055 4278 etHerocliensi,
1065 4218 1097 4267 T.
1113 4216 1217 4266 Prieneo

91 4296 117 4337 et
130 4287 308 4350 Heraclidensi,
323 4292 346 4340 d.
361 4289 443 4354 priene
457 4287 608 4349 therocliden,
623 4289 654 4338 R.
668 4285 888 4352 prieneteraclideu,
905 4302 926 4334 a.
