2714 4710
114 69 216 112 mm
576 70 765 114 Pmssnrlo.

113 221 251 281 historiae
268 220 398 282 intulisse
417 221 464 281 his
485 221 582 283 verbis
599 225 768 299 profitetur:
791 224 923 300 „lugens
935 222 1027 284 Plinii
1047 225 1239 287 historiarum

114 329 252 390 volumen
271 331 488 407 elegentissime
507 332 649 408 scriptum
667 379 710 391 ..
724 380 766 392 -
780 381 823 391 -
842 339 873 393 et
891 341 1062 412 cormptun
1086 331 1239 396 correxit’?

114 432 162 519 (v.
177 434 315 499 Guiberti
334 440 433 499 abbat.
452 439 490 498 de
509 440 678 515 Novigento
693 459 793 518 opera,
808 459 840 518 p.
857 437 942 516 716,
962 450 993 502 st
1010 461 1087 518 qnae
1100 445 1165 522 ipse
1178 445 1240 504 dixi

113 547 146 605 in
159 547 258 606 diariis
272 546 453 607 scholasticis
469 543 562 608 1833.
584 567 631 607 nr.
646 543 698 609 52.
719 568 751 625 p.
765 544 870 631 414.).
895 547 1020 610 Praeter
1032 553 1088 611 hos
1102 572 1176 614 vero
1189 573 1238 613 er·

114 673 195 716 rores
214 655 295 714 aliud
315 673 419 714 eorum
438 674 532 733 genus
553 656 711 715 maximam
734 656 972 734 depravationem
993 662 1153 720 verborum
1170 659 1238 720 Pli-

114 765 269 823 nianornm
294 764 401 836 effecit,
427 764 547 824 lacunas
572 765 651 837 dico,
676 782 802 840 quarum
820 765 933 841 largior
951 769 1057 828 messis
1082 769 1135 828 vix
1158 772 1238 848 apud

114 872 210 932 ullum
228 872 318 931 alium
337 874 508 951 scriptorem
526 872 666 933 Latinum
685 875 851 946 invenitur3
871 895 889 934 e
909 873 1037 936 Graecis
1056 896 1136 937 unns
1153 876 1237 939 Pan·

113 982 212 1041 sanias
233 981 289 1040 hoc
307 983 424 1042 nomine
443 1000 510 1042 cum
529 982 628 1041 Plinio
647 983 810 1059 comparari
832 990 940 1061 potest.
976 983 1088 1045 Contra
1111 987 1238 1047 liberum

113 1090 176 1151 lere
190 1109 221 1150 se
234 1093 329 1151 tenuit
341 1091 536 1168 glossematis,
547 1107 647 1165 .quae,
662 1091 753 1150 sicubi
765 1091 964 1166 inveniuntur,
978 1093 1072 1153 ferme
1085 1103 1158 1155 sunt
1169 1113 1237 1174 snp-

114 1201 262 1276 plementa
275 1200 463 1259 hirariorum
476 1200 516 1258 ad
529 1199 701 1276 explicanda
717 1201 866 1277 asyndete,
888 1202 927 1260 ad
945 1202 1157 1279 expediendam
1169 1223 1237 1264 con·

115 1311 307 1370 structionem
320 1304 398 1368 κατὰ
418 1303 531 1367 σύνεσιν
547 1302 606 1388 (uti
621 1304 678 1381 34,
703 1303 775 1368 153.
796 1309 966 1370 eiiciendum
984 1309 1040 1370 fuit
1054 1306 1191 1393 prodest)
1208 1321 1238 1372 et

117 1420 227 1480 similes
241 1439 290 1480 res
303 1419 441 1479 minores.
776 1438 780 1446 ¹

156 1530 208 1589 Ad
223 1532 344 1590 lacunas
358 1529 447 1606 igitur
461 1547 528 1588 cum
543 1528 601 1587 iam
614 1534 792 1605 perventum
807 1530 855 1603 sit,
870 1537 938 1589 ante
948 1529 1045 1588 omnia
1054 1528 1103 1589 hic
1112 1529 1236 1606 loquen—

116 1641 186 1698 dum
208 1645 253 1696 est
272 1638 309 1695 do
330 1637 427 1695 codiee
446 1639 650 1713 Bombcrpcnsi
669 1638 727 1696 iam
742 1656 833 1714 supra
846 1623 1008 1715 descripto,
1030 1639 1112 1698 cuius
1127 1639 1237 1716 prima·

115 1748 194 1805 rium
218 1747 356 1804 meritum
379 1747 411 1804 in
424 1744 493 1821 ipsis
517 1747 577 1805 illis
601 1747 713 1804 lacunis
738 1755 768 1805 et
791 1747 1023 1806 demonstrandis
1043 1754 1073 1806 et
1086 1749 1237 1826 explendis

117 1856 253 1915 cernitur.
274 1855 316 1913 Et
330 1863 374 1913 est
388 1855 506 1929 quidem
519 1855 567 1913 hic
581 1855 675 1914 codex
688 1857 819 1914 omnium
832 1855 1037 1915 Plinianorum
1049 1857 1140 1934 longe
1150 1876 1237 1934 prae,-

116 1965 314 2024 stsntissimus
323 1972 361 2036 et,
370 1962 472 2038 quales
484 1982 553 2022 raro
565 1964 723 2023 editoribus
734 1970 867 2023 veterum
881 1965 1055 2041 scriptorum
1068 1965 1236 2038 obveniunt,

116 2094 153 2134 ax
164 2074 322 2153 archetypo
333 2093 387 2132 suo
398 2075 435 2132 ab
446 2073 567 2132 librario
578 2073 620 2132 ita
630 2074 846 2150 descriptus‚nt
856 2072 943 2132 hicin
954 2075 1238 2134 transcmtendoant

116 2202 230 2242 summa
239 2183 418 2259 negligentia
425 2191 555 2241 uteretur
564 2189 616 2240 aut
627 2183 1022 2259 archetypiscripturamnon
1030 2183 1139 2257 ubique
1148 2184 1236 2242 intel-

115 2293 230 2368 ligeret.
244 2292 285 2350 Et
295 2293 360 2361 hoc,
373 2293 452 2367 quod
462 2300 611 2368 postremo
621 2292 687 2349 loco
698 2292 769 2363 dixi,
781 2292 850 2351 huic
860 2292 981 2351 librario
991 2310 1051 2351 non
1062 2293 1153 2351 semel
1162 2293 1237 2352 acci·

116 2402 196 2458 disse
209 2401 313 2458 docent
325 2401 383 2458 loci
397 2400 499 2475 quales
513 2410 582 2458 sunt
595 2397 648 2473 32,
665 2396 748 2472 140,
763 2401 815 2460 nbi
827 2420 882 2477 pro
892 2401 983 2460 Aiunt
995 2404 1036 2460 ito
1046 2411 1160 2460 citratos
1170 2400 1237 2460 inB

115 2509 224 2586 legitur
238 2511 322 2567 nanti
334 2519 360 2568 st
374 2517 488 2568 curatos
503 2511 539 2581 ci,
554 2503 669 2581 velat,
687 2507 728 2580 7,
743 2509 795 2568 ubi
807 2529 863 2586 pro
878 2512 1032 2569 stimulatio
1045 2510 1076 2568 in
1090 2507 1238 2586 Blegitnr

116 2621 280 2690 stimmotio,
300 2617 348 2676 vel
369 2611 426 2689 35,
444 2612 484 2690 1.,
500 2617 551 2675 ubi
566 2636 632 2675 oum
646 2617 785 2676 librarius
800 2618 906 2677 codicis
919 2617 946 2675 B
960 2618 1074 2676 litteras
1087 2617 1117 2676 in
1131 2617 1235 2678 arche-

115 2736 186 2808 typo
200 2738 264 2789 coto
274 2746 367 2806 propa
380 2744 438 2785 non
452 2724 579 2804 amplius
592 2727 689 2802 legere
703 2734 813 2802 posset,
829 2727 956 2803 spatium
970 2745 1097 2785 vacuum
1107 2727 1236 2802 rqunit.

115 2837 213 2896 Multo
234 2839 350 2914 saepius
369 2843 469 2895 tamen
488 2835 682 2913 negligentiae
702 2836 810 2893 crimen
831 2837 861 2895 in
875 2837 1027 2895 librarium
1041 2835 1129 2908 cadit,
1152 2837 1236 2895 cuius

116 2947 250 3024 exempla
263 2945 320 3005 hoc
333 2946 398 3005 loco
413 2963 639 3005 commemorare
653 2964 712 3002 non
726 2962 800 3020 opus
812 2945 936 3018 videtur,
952 2964 1019 3003 cum
1030 2963 1068 3003 ex
1077 2945 1142 3020 ipsa
1155 2944 1236 3021 Iani

116 3049 273 3114 collatione
291 3055 369 3130 typis
388 3072 529 3130 expressa
547 3072 635 3112 nemo
654 3071 714 3112 non
732 3047 845 3111 affatim
867 3071 902 3112 ea
916 3061 1017 3130 petere
1030 3054 1134 3128 possit.
1155 3052 1235 3112 Hinc

102 3164 245 3239 ineptam
266 3179 386 3219 manum
404 3162 528 3236 primam
548 3168 651 3237 postea
672 3162 858 3237 corrigendo,
878 3163 1025 3234 radendo,
1048 3181 1139 3238 supra
1160 3163 1234 3223 scri·

115 3271 213 3331 bendo
227 3269 420 3341 emendatam,
434 3276 469 3326 ut
482 3271 603 3327 chartae
617 3287 778 3345 parcerem,
792 3289 851 3329 non
865 3271 974 3346 ubique
987 3271 1167 3329 afferendam
1180 3291 1235 3348 pu·

115 3382 187 3454 tavi,
207 3379 261 3440 scd
274 3386 338 3438 tum
352 3378 480 3448 demum,
501 3362 552 3435 u'bi
564 3377 679 3436 referre
694 3379 859 3451 videbatur,
874 3387 998 3455 utraque
1011 3388 1075 3438 tum
1088 3398 1180 3439 manu
1192 3382 1234 3439 ita

117 3489 174 3549 eibi
182 3490 329 3567 apposita,
340 3495 374 3547 ut
388 3504 439 3546 eas
453 3485 559 3562 perB¹
575 3485 656 3544 etB²
667 3487 873 3560 discernerem,
885 3505 1011 3563 quarum
1022 3490 1164 3562 siglarum
1174 3490 1234 3548 iarn

116 3602 346 3658 consentaneum
361 3604 408 3654 est
420 3595 516 3673 priore
525 3595 699 3671 plerumque
710 3596 885 3654 deteriorem
895 3597 1059 3671 lectionem,
1070 3599 1233 3673 posteriore

117 3709 265 3767 veriorem
282 3705 447 3782 significari.
468 3705 558 3764 Haud
576 3724 645 3763 raro
663 3711 762 3762 tamen
780 3705 847 3781 ipsa
859 3724 964 3764 manns
977 3707 1073 3782 prima
1086 3706 1234 3765 veriorem

115 3814 275 3876 lectionem
295 3814 422 3886 exhibet,
436 3815 481 3873 uti
495 3809 552 3886 32,
569 3809 630 3885 10.,
645 3814 696 3873 ubi
709 3813 752 3871 B¹
767 3822 846 3872 recte
860 3814 949 3873 habet
962 3819 1092 3886 mitulos,
1106 3813 1150 3872 Β2
1165 3834 1232 3874 cum

118 3926 266 4003 plerisque
280 3924 414 3985 omnibus
428 3923 511 3984 codd.
522 3924 634 3995 vitulos,
646 3924 726 3997 quod
735 3921 992 3998 interpolationem
1002 3909 1094 4000 vulgo
1104 3904 1232 4000 regnan·

131 4276 1275 4650 t...-
