2714 4710
59 283 121 346 416
415 301 619 350 seramus
642 280 838 351 merorum

60 465 124 519 tem
146 452 225 518 aliae
243 450 371 538 Caspiis
386 453 538 538 gentibus
559 453 697 532 iunctae,
720 454 806 538 quod
825 453 976 540 dignosci
998 477 1065 521 non
1088 468 1184 543 potest

58 553 120 618 nisi
142 554 294 618 comitatu
315 573 422 617 rerum
444 549 623 617 Alexandri
644 553 764 641 magni.

102 655 153 719 16.
182 653 329 738 Namque
350 654 524 718 Persarum
549 674 667 740 regna,
697 675 781 737 quae
806 676 895 721 nuno
918 654 1116 722 Parthorum
1138 659 1181 722 in·
1192 681 1214 723 n

59 756 250 843 tellegimus,
276 755 446 820 interduo
468 753 568 819 maria
588 754 757 821 Persicum
779 766 812 820 et
832 753 1044 840 Hyrcanium
1066 756 1181 826 Cauca·

59 856 115 921 siis
129 855 214 943 iugis
229 855 428 919 attolluntur.
452 853 624 938 Utrimque
638 876 697 940 per
716 855 842 920 devexa
854 858 1000 923 laterum
1014 859 1181 926 Armeniae

56 959 168 1022 maiori
190 980 210 1021 a
231 956 346 1021 frontis
368 966 460 1042 parte
483 978 566 1040 quae
587 957 693 1042 vergit
710 957 745 1021 in
761 955 1013 1046 Commagenen
1029 957 1180 1047 Sophene,

56 1069 94 1123 ut
114 1058 272 1135 diximus,
303 1057 470 1143 copulatur
498 1057 590 1141 eique
615 1055 786 1124 Adiabene
807 1057 1028 1144 Assyriorum
1053 1061 1180 1141 initium,

57 1158 148 1225 cuius
174 1180 250 1244 pars
278 1168 328 1222 est
349 1156 522 1236 Arbelitis,
550 1157 608 1222 ubi
628 1157 765 1223 Darium
785 1158 979 1226 Alexander
1007 1162 1179 1242 debellavit,

56 1282 215 1346 proxuma
230 1256 356 1343 Syriae.
383 1257 500 1321 Totam
522 1278 593 1322 eam
613 1255 812 1324 Macedones
825 1258 1050 1349 Mygdoniam
1069 1284 1179 1350 cogno·
1190 1283 1216 1327 n

56 1361 259 1425 minaverunt
279 1382 299 1422 a
320 1357 539 1422 similitudine.
573 1355 705 1443 Oppida
725 1357 945 1440 Alexandria,
967 1363 1052 1428 item
1072 1364 1178 1430 Antio·

58 1461 129 1525 chia
154 1482 251 1544 quam
277 1457 416 1523 Nisibim
443 1467 576 1535 vocant3
610 1457 703 1523 abest
727 1459 769 1524 ab
795 1459 964 1526 Artaxatis
992 1484 1076 1528 acen
1101 1486 1126 1526 n
1145 1487 1176 1550 p.

56 1560 135 1628 Fuit
168 1571 201 1626 ct
227 1560 331 1625 Ninus
363 1558 504 1644 inposita
533 1557 625 1646 Tigri
658 1559 699 1623 ad
731 1559 805 1624 solis
838 1583 991 1627 occasum
1027 1574 1176 1650 spectans,

57 1663 219 1748 quondam
240 1659 423 1727 clarissima.
452 1658 590 1743 Reliqua
611 1682 687 1724 vero
708 1659 824 1739 fronte,
847 1684 914 1746 qua
935 1664 1045 1729 tendit
1064 1665 1103 1730 ad
1117 1665 1176 1730 Ca·

58 1763 164 1850 spium
177 1784 275 1841 mare,
297 1760 497 1846 Atropatene
520 1759 560 1825 ab
575 1759 748 1825 Armeniae
763 1759 870 1827 Otene
890 1764 1029 1852 regione
1051 1766 1177 1831 discreta

56 1866 186 1940 Araxe3
216 1863 371 1949 oppidum
399 1862 468 1927 eius
498 1858 609 1953 Gazae
638 1861 679 1927 ab
705 1859 873 1929 Artaxatis
891 1886 994 1931 ccoer.
1008 1891 1035 1931 n
1047 1891 1091 1954 p.,
1112 1867 1176 1933 toti·

57 1965 131 2031 dem
151 1963 192 2028 ab
212 1962 386 2029 Ecbatanis
405 1961 592 2041 Medorum,
620 1984 755 2046 quorum
775 1985 851 2047 pars
877 1977 957 2030 sunt
974 1967 1172 2055 Atrapateni.

98 2063 196 2130 XIV.
231 2065 281 2127 17.
306 2061 474 2128 Ecbatana
495 2072 593 2149 caput
614 2060 745 2127 Mediae
768 2060 924 2130 Seleucus
946 2090 1008 2132 rex
1030 2068 1211 2145 condiditn

57 2190 76 2230 a
99 2163 248 2230 Seleucia
273 2185 391 2250 magna
416 2183 497 2227 »σοι
519 2184 544 2225 n
565 2185 615 2248 p.,
645 2185 665 2227 a
690 2163 793 2247 portis
820 2187 895 2230 voro
921 2163 1057 2253 Caspiis
1082 2191 1125 2233 xx
1142 2192 1173 2232 n.

55 2267 193 2352 Reliqua
206 2265 380 2330 Medorum
396 2263 517 2351 oppida
530 2262 690 2342 Pherusa,
713 2263 905 2353 Aganzaga,
928 2267 1080 2354 Apamea
1091 2269 1172 2335 Rha-

56 2371 151 2457 giane
181 2365 414 2456 cognominata.
452 2362 559 2430 Causa
586 2375 751 2451 portarum
782 2367 920 2432 nominis
955 2370 1070 2437 eadem
1095 2392 1172 2455 quae

89 2559 213 2621 comitatu,
225 2557 323 2609 R²Ad
343 2555 368 2604 in
380 2555 502 2615 comitatu,
513 2554 543 2604 P.
561 2551 696 2617 contitutus,
708 2557 752 2607 R'.
772 2596 804 2604 ..
822 2573 912 2619 rerum,
924 2560 1030 2611 R2AP.
1049 2577 1116 2622 enin,
1128 2564 1170 2612 R'.

57 2643 144 2692 repam,
156 2629 208 2677 Td.
228 2665 259 2674 ..
278 2622 363 2686 mapni
371 2620 518 2682 Alexandri,
530 2616 559 2682 β

90 2692 157 2754 §ll
179 2691 247 2742 Nam
264 2688 461 2754 Cyparissaram
477 2689 510 2738 A.
533 2730 565 2738 .-
591 2706 662 2751 nunc,
679 2705 731 2739 orn.
747 2690 776 2740 P.
801 2731 833 2738 ..
858 2691 1024 2758 Hyrcanium,
1041 2695 1169 2746 BTAPd.

54 2758 216 2826 Hyrcaniam,
230 2753 258 2808 θ.
281 2758 435 2822 Hyrcanum,
450 2751 479 2816 β.
499 2798 530 2806 ..
557 2755 670 2818 Caucasi,
682 2758 715 2806 A.
738 2799 770 2806 -
797 2758 930 2822 Utrimque,
948 2763 1013 2811 ΒΑ.
1044 2761 1169 2826 Utrunque,

54 2829 85 2878 P.
111 2828 252 2891 Utramque,
268 2827 320 2876 Td.
339 2866 371 2873 ..
390 2823 496 2885 diversa,
512 2825 546 2874 A.
565 2865 598 2873 ..
616 2826 709 2887 maiori,
724 2827 777 2875 ltu.
800 2825 897 2887 maiore,
915 2829 950 2877 A.
973 2829 1083 2892 maioris,
1091 2831 1121 2879 P.
1138 2871 1169 2879 -

55 2913 80 2956 a,
96 2912 146 2946 om.
162 2897 207 2947 R'.
227 2936 258 2943 -
268 2893 354 2957 fontis,
370 2893 415 2943 R1.
434 2931 465 2939 -
490 2891 610 2956 Sophene,
626 2892 730 2942 Barbar.
760 2890 888 2956 Cephenia,
905 2896 968 2945 ΒΑ.
1000 2893 1125 2962 Gepbanie,
1140 2898 1169 2946 T.

59 2961 188 3028 Cephenic,
205 2965 229 3012 d.
261 2956 404 3026 Cepheniae,
421 2962 494 3009 codd.
512 2959 619 3010 Salmas.
636 2975 719 3009 exerc.
738 2975 763 3023 p.
780 2966 838 3010 442.
855 2977 877 3010 a.
897 2961 927 3012 C.
953 2960 1079 3024 Gesaniae,
1093 2963 1121 3014 Ρ.
1139 3005 1169 3013 ..

54 3031 161 3081 diximus
173 3029 187 3090 ξ
200 3037 284 3080 28...
299 3029 373 3092 eique,
385 3027 495 3076 RAPd.
514 3037 544 3087 et,
557 3028 588 3077 T.
602 3067 633 3074 ..
645 3024 776 3088 Adiabeni,
788 3028 846 3077 RP.
861 3068 892 3076 ..
902 3047 973 3092 pars,
988 3033 1128 3082 omittTd.
1142 3071 1168 3080 .-

53 3097 184 3159 Arbelitis,
196 3098 227 3146 R.
245 3096 366 3155 Arbilitis,
378 3094 460 3143 APd.
473 3135 504 3142 ..
514 3095 649 3158 proximae,
661 3095 695 3143 A.
709 3093 830 3159 proxime,
841 3097 925 3146 ard.
941 3098 1088 3162 proximum,
1099 3100 1128 3150 P.
1141 3139 1168 3148 .-

55 3165 146 3230 Syriae
159 3175 201 3225 est,
213 3167 243 3214 P.
260 3163 391 3226 Assyriae,
402 3162 469 3210 Pint.

88 3231 154 3291 §la
168 3247 229 3291 eam,
242 3245 292 3279 om.
298 3232 327 3279 P.
339 3270 369 3278 -
383 3227 610 3292 appellaremus
621 3268 652 3276 ..
669 3226 887 3293 oppidorude.
899 3271 931 3278 -
941 3231 1131 3294 Alexandrini.
1140 3272 1168 3282 ..

53 3297 125 3359 inter,
134 3300 163 3347 P.
177 3338 208 3345 -
220 3295 382 3356 Antiochiam,
392 3295 422 3345 P.
436 3336 468 3344 ..
481 3312 561 3358 quarn,
571 3310 621 3344 om.
631 3297 660 3344 P.
674 3336 705 3344 -
717 3295 839 3360 Nysrbim,
848 3298 877 3347 P.
896 3294 1009 3360 Nesebin,
1019 3301 1044 3349 d.
1060 3299 1168 3360 Nesebin,

52 3366 116 3416 RA.
134 3363 238 3424 Nisibin,
246 3359 296 3426 βγ.
311 3404 341 3411 -
355 3362 435 3423 uberi,
443 3364 473 3412 P.
488 3403 518 3410 -
532 3365 563 3412 ab
571 3361 713 3424 Artaxatis,
722 3365 756 3413 A.
775 3364 943 3426 abArtaaati,
954 3365 1008 3416 Tc.
1026 3367 1169 3432 aperierati,

52 3434 85 3483 R.
104 3436 135 3483 ab
148 3431 268 3491 arcasati,
280 3431 310 3480 P.
324 3472 356 3478 -
369 3428 484 3490 ducentis,
495 3431 525 3479 P.
539 3471 570 3479 ..
583 3439 606 3480 et
617 3429 707 3491 Ninus,
719 3431 753 3480 A.
771 3441 795 3481 et
806 3429 897 3493 Ninos,
909 3434 963 3483 Rd.
981 3432 1084 3496 eminus,
1095 3436 1123 3485 P.
1140 3475 1168 3483 -

57 3500 136 3565 Tipri,
148 3501 182 3550 A.
209 3497 298 3562 Tipris,
310 3498 389 3546 RPd.
409 3539 440 3546 -
459 3513 580 3558 oceanum,
592 3499 623 3546 R.
643 3538 675 3546 ..
699 3498 827 3561 quondam,
839 3501 899 3549 ΒΡ.
922 3500 1053 3563 quoddam,
1064 3503 1098 3552 A.
1121 3502 1170 3565 qci',

54 3571 78 3618 d.
97 3610 129 3617 -
147 3566 261 3630 Reliqua,
273 3566 304 3613 R.
324 3606 356 3612 ..
375 3580 445 3628 quae,
456 3565 490 3613 A.
508 3606 540 3613 -
562 3563 717 3628 Atropatene,
734 3565 783 3615 vid.
797 3566 879 3618 Strab.
894 3572 933 3617 ll.
945 3583 971 3631 p.
986 3574 1044 3618 522.
1062 3569 1169 3633 Atrapa-

54 3645 115 3698 tene,
128 3635 210 3685 ATd.
234 3632 438 3695 Areatrapntene,
450 3633 481 3680 R.
505 3647 563 3681 erea
576 3632 767 3695 trapatbene,P.
787 3673 818 3681 -
837 3642 860 3682 et
872 3636 910 3696 ab,
922 3650 942 3684 r.
961 3676 993 3683 -
1012 3635 1169 3697 Arteminiae‚

53 3705 85 3753 R.
103 3701 246 3761 Arteminia,
259 3702 282 3750 d.
300 3698 488 3759 Armenia,Ar.
505 3697 635 3762 Armpnia,
647 3701 676 3750 P.
695 3741 727 3748 -
749 3699 831 3763 Otene,
840 3702 1012 3752 Barbar.Ad.
1034 3703 1133 3765 Othone,
1143 3705 1169 3753 P.

57 3770 129 3825 Tene.
142 3773 173 3820 R.
201 3769 283 3829 Otene,
295 3785 315 3816 r.
341 3766 428 3832 Operae,
441 3767 519 3815 altera
530 3769 636 3817 Barbari
648 3768 800 3817 coniectura
820 3809 852 3816 -
871 3771 947 3833 rapio,
958 3765 1004 3830 ιβ.
1025 3809 1057 3819 .-
1079 3769 1170 3830 Gazae,

53 3838 86 3886 A.
109 3835 218 3898 Gazaca,
230 3838 262 3886 R.
284 3835 378 3896 Gazea,
391 3836 414 3882 d.
437 3833 517 3894 Gaza,
528 3836 558 3882 P.
584 3833 693 3896 Gazaca,
706 3836 815 3898 suspicio
827 3837 944 3886 Krameri
956 3838 989 3886 ad
1001 3837 1120 3888 Strabon.
1134 3845 1170 3887 11.

53 3920 78 3967 p.
92 3912 149 3955 523.
168 3946 199 3953 -.
218 3904 355 3964 Artaxata,
367 3902 448 3951 APd.
469 3899 575 3962 Curata,
588 3903 620 3951 R.
634 3941 665 3950 ..
684 3905 714 3952 ab
726 3903 875 3964 Ecbatanis,
887 3904 941 3954 Rd.
963 3905 1038 3955 babet
1049 3905 1170 3965 bathenia,

52 3972 87 4020 A.
106 3971 177 4021 babet
189 3969 372 4037 epabatbranis‚
384 3971 414 4020 P.
434 4010 465 4017 ..
483 3978 620 4032 sempera,
633 3972 657 4018 d.
676 4009 708 4019 ..
725 3969 879 4035 Atrapateni,
892 3973 941 4022 vid.
955 3987 1040 4035 supra.
1062 3971 1170 4039 Atrapa·

53 4039 110 4099 teni,
122 4041 176 4089 Ad.
194 4038 339 4102 Atrapoeni,
351 4039 383 4087 R.
401 4037 527 4096 Atrabeni,
539 4037 568 4086 P.

89 4103 103 4162 ξ
117 4113 157 4155 43.
175 4104 312 4169 Apobatra,
324 4108 353 4156 P.
366 4147 398 4154 ..
418 4102 515 4164 Media,
532 4106 563 4153 R.
578 4145 609 4152 ..
628 4113 664 4154 est
675 4102 800 4166 Seleucus,
812 4106 834 4154 P
847 4101 939 4166 (Rob.)
958 4146 989 4154 ..
1009 4107 1128 4170 condidit,
1148 4127 1172 4169 a,

54 4183 125 4233 are
142 4182 234 4247 (aa.)
261 4189 367 4250 conarri,
383 4189 417 4238 A.
437 4230 467 4237 -
486 4185 609 4249 acccc,
627 4189 679 4238 rc.
698 4230 730 4240 -
747 4189 815 4250 xx,
831 4185 941 4240 aare
970 4175 1039 4254 ix,
1056 4193 1137 4244 nna.
1148 4193 1173 4242 a
