2714 4710
113 334 220 378 xxxv1
574 335 762 379 rassrarlo.

114 488 214 546 zonico
233 488 264 547 in
283 488 318 545 iis
334 485 514 547 conferendis
527 486 620 548 fuisse
634 489 770 566 preoeris.
792 485 881 546 Certe
902 485 1021 545 illorum
1041 487 1132 546 trium
1152 488 1237 547 codi-

112 614 180 655 cum
194 603 332 673 excerpta
345 602 447 654 nostra
466 614 484 654 a
502 595 656 656 Rezzomci
674 595 837 656 testimonio
857 614 944 673 saepe
963 596 1072 654 mirum
1092 603 1238 671 quantam

114 723 150 762 ea
162 705 274 764 ratione
288 705 435 776 differunt,
450 713 485 763 ut
497 723 590 764 unum
603 707 730 765 Ianum
744 707 802 764 fide
815 706 939 781 dignum
955 705 1166 796 essedubitare
1175 724 1239 764 non

112 811 209 873 liceat.
244 811 382 872 Ceterum
406 831 506 872 omnes
530 815 575 872 illi
599 814 668 873 libri
691 815 858 874 recentioris
883 820 954 873 sunt
978 813 1101 889 originis
1125 821 1157 872 et
1174 812 1238 872 iere

113 921 265 979 deterioris
285 930 387 994 notae,
415 932 451 980 nt
471 924 601 1000 pleniore
616 898 726 982 ⁸eornm
746 923 901 982 milations
918 920 1006 982 facile
1022 938 1110 997 egere
1128 921 1236 999 possis,

113 1034 229 1088 etcum
247 1031 442 1089 Rezzonicum
465 1033 638 1109 saepissime
663 1051 804 1109 perquam
831 1032 1014 1107 negligenter
1031 1031 1064 1089 in
1083 1031 1237 1090 enatandis

114 1138 204 1196 variis
218 1138 390 1198 lectiombus
411 1147 563 1200 versatum
586 1159 651 1199 esse
672 1142 954 1214 animadverterem,
975 1148 1039 1198 tum
1052 1140 1171 1198 demum
1185 1156 1237 1199 eas

112 1247 210 1318 attuli,
225 1248 251 1306 si
265 1268 370 1325 operae
384 1251 511 1326 pretium
526 1250 680 1309 videbatur
692 1267 787 1324 neque
800 1267 851 1307 eae
866 1251 903 1308 ab
917 1247 984 1308 aliis
998 1246 1148 1308 codicibus
1162 1267 1236 1308 can·

112 1356 313 1416 firmabantur.
334 1357 429 1433 quue
443 1377 477 1416 eo
493 1359 585 1434 magIs
600 1358 672 1416 mihi
682 1359 771 1416 licere
785 1358 959 1429 arbitrabar,
975 1376 1053 1429 cum,
1069 1358 1095 1416 si
1110 1358 1175 1433 quis
1188 1356 1236 1416 his

114 1465 254 1524 sordibus·
269 1467 313 1524 uti
331 1465 413 1539 velit,
434 1466 590 1525 editionem
609 1485 704 1524 meam
718 1467 859 1525 minorem
873 1466 952 1524 adire
966 1466 1069 1541 possit,
1084 1466 1136 1524 ubi
1150 1465 1237 1542 plens

112 1581 180 1632 sunt
193 1575 367 1652 adscriptae.
390 1573 523 1653 Inspexit
535 1583 634 1633 autem
648 1574 827 1633 Rezzonicus
838 1575 1055 1635 Ambrosianum
1064 1575 1091 1632 1.
1098 1573 1153 1646 11„
1169 1573 1236 1649 qui·

112 1685 167 1743 bus
181 1701 252 1742 usus
267 1684 355 1742 etiam
370 1690 416 1743 est
429 1674 585 1742 Ferrarius
600 1685 636 1743 de
650 1703 682 1741 re
697 1685 835 1765 vestiaria
848 1682 873 1740 I.
888 1703 918 1760 p.
940 1677 991 1743 58.
1015 1679 1099 1754 161„
1114 1682 1236 1760 Anarti-

111 1813 174 1853 cam
200 1794 262 1852 sive
286 1794 507 1864 Passionaeam,
532 1794 718 1870 Barbatum,
743 1793 780 1850 de
799 1791 905 1867 qmbus
930 1809 1021 1867 supra
1044 1798 1089 1850 ost
1112 1789 1235 1863 dictum,

117 1902 285 1961 anacaates
300 1900 385 1970 duos,
400 1902 615 1959 Ercorialeares
629 1901 715 1972 duos,
732 1917 858 1974 quorum
873 1900 1019 1958 secundus
1038 1919 1058 1958 a
1077 1898 1179 1960 Surita
1196 1901 1236 1959 ad

113 2009 258 2068 Antonini
276 2007 456 2067 itinerarium
477 2010 565 2067 etiam
588 2009 873 2085 Gaesaraaqastaaua
899 2009 1022 2081 dicitnr,
1040 2009 1122 2086 prior
1140 2008 1235 2068 altero

114 2118 208 2176 multo
222 2117 415 2194 praestantior
428 2135 508 2175 nunc
521 2116 635 2175 videtur
649 2117 833 2194 deperditus,
852 2118 1063 2177 Farrariorum
1077 2118 1140 2178 sive
1153 2119 1236 2177 Par-

115 2247 245 2300 measem,
266 2228 407 2285 Politiaai
420 2234 590 2302 excerptae
608 2227 723 2285 duobus
743 2227 825 2285 libris
845 2226 1022 2285 Florentinis
1042 2233 1072 2284 et
1084 2245 1143 2285 uno
1157 2224 1238 2286 Nea·

115 2336 255 2413 politano,
275 2337 432 2408 Iovianum,
451 2337 647 2409 Laudiacum,
669 2337 812 2395 Mediceos
832 2337 906 2394 duos
921 2344 1037 2412 praeter
1050 2353 1140 2411 supra
1154 2354 1238 2394 com·

116 2452 308 2504 memoratum
323 2438 393 2525 (L),
408 2439 636 2516 Pertusatiaum,
656 2446 840 2516 ficinensem,
868 2446 1052 2521 quletiuam‚
1081 2444 1239 2504 Vallioellr'·

116 2575 202 2614 amum
223 2563 253 2612 et
271 2554 383 2628 aliquot
408 2555 570 2624 Vaticanus,
590 2553 620 2610 in
642 2553 747 2628 quibus
767 2554 867 2611 insunt
889 2555 921 2626 ii,
936 2563 1010 2628 quos
1029 2571 1119 2629 supra
1132 2553 1239 2612 litteris

116 2664 216 2722 Dtux
230 2662 403 2738 significavi.
423 2660 548 2719 Praeter
561 2661 615 2718 hos
630 2680 707 2719 unus
715 2655 903 2730 Reazonicus
912 2681 985 2720 usus
998 2669 1045 2720 est
1052 2658 1239 2720 VaticanoI.

118 2765 229 2844 1950„
257 2769 404 2829 Vaticano
423 2769 464 2828 V.
489 2764 598 2841 1954„
627 2769 773 2829 Vaticano
794 2770 850 2828 VI.
871 2765 979 2844 1955„
1005 2768 1150 2829 Vaticano
1164 2768 1239 2830 vn.

118 2876 222 2953 1956..
237 2880 383 2938 Vaticano
398 2873 492 2938 3533.

157 2992 240 3050 idem
258 2989 320 3049 iere
338 2989 475 3048 iudicium
493 2987 645 3047 ferendum
665 2990 702 3047 de
722 2990 818 3048 codice
836 2991 1048 3067 Petropolitaao
1068 2983 1139 3070 (p),
1154 2991 1241 3049 cuius

116 3100 241 3176 primam
254 3100 388 3158 notitiam
403 3099 542 3159 debemus
556 3099 725 3172 Falconem,
741 3100 807 3174 qui,
822 3099 902 3157 illius
923 3107 1061 3175 excerpta
1079 3117 1146 3157 cum
1166 3099 1241 3158 illu-

116 3209 254 3266 strandae
278 3214 317 3280 et,
332 3216 366 3266 ut
380 3209 436 3266 sibi
450 3210 622 3279 videbatur,
639 3208 838 3266 emendandae
862 3209 941 3284 parti
958 3206 1050 3266 Plinii
1073 3208 1110 3265 de
1131 3207 1242 3267 artium

118 3316 254 3392 operibus
273 3314 370 3389 agenti
391 3316 543 3388 adhibeat,
564 3317 647 3373 miris
666 3334 733 3373 eum
751 3317 889 3375 laudibus
909 3317 1009 3389 effert,
1028 3316 1123 3375 multo
1137 3317 1242 3376 sanius

23 3447 41 3461 ·
116 3424 262 3482 iudicante
280 3421 369 3481 Iano
388 3425 419 3481 in
441 3426 601 3482 observatt.
617 3424 692 3481 critt.
707 3444 736 3501 p.
753 3421 782 3482 9.
806 3423 940 3501 Scriptus
962 3442 1020 3484 non
1035 3423 1153 3484 saeculo
1167 3423 1241 3498 Ix„

117 3535 162 3591 uti
173 3533 245 3591 mire
259 3531 414 3590 videbatur
427 3530 553 3602 Olossio,
567 3534 746 3591 antecessori
764 3553 858 3608 nuper
878 3533 1067 3609 Dorpatensi,
1087 3532 1140 3590 sed
1153 3532 1241 3606 XV„

118 3644 162 3702 uti
176 3643 323 3721 specimen
337 3642 399 3700 eius
414 3660 433 3698 a
446 3640 577 3699 Muralto
597 3642 707 3699 editum
727 3643 851 3713 indicat,
873 3661 981 3719 magna
999 3660 1077 3701 nuno
1095 3640 1141 3699 sui
1154 3649 1242 3718 parte

109 3760 166 3810 >est
180 3752 311 3809 mutilus.
332 3749 440 3807 Plures
454 3750 588 3826 deinceps
603 3751 660 3808 viri
674 3751 751 3808 docti
772 3752 915 3826 quasdam
936 3752 997 3810 eius
1015 3757 1116 3828 partes
1140 3768 1243 3808 excer-

119 3867 257 3936 pserunt,
278 3860 322 3917 uti
340 3865 457 3935 praeter
469 3858 660 3918 Falconetum
674 3859 811 3918 Handius
825 3860 855 3917 in
870 3860 1048 3932 Tursellino,
1064 3857 1199 3918 Classius
1210 3859 1244 3918 in

121 3968 258 4029 Seebodii
268 3968 508 4027 stFn'edemanni
518 3969 560 4026 N.
570 3968 677 4027 horreo
690 3963 783 4028 1828.
798 3968 855 4026 ΠΙ.
871 3965 901 4028 2.
913 3989 943 4046 p.
958 3964 1021 4040 30.,
1036 3969 1242 4043 Morgenster-

120 4078 187 4137 nius
200 4079 229 4136 in
244 4084 459 4156 programmate
473 4076 650 4154 Dorpatensi
663 4097 690 4136 a.
714 4073 806 4138 1834.
827 4077 919 4147 edito;
941 4078 1111 4154 plenissime
1130 4084 1241 4150 tamen,

121 4189 192 4247 satis
206 4189 283 4248 bona
297 4188 443 4248 variarum
458 4188 520 4250 eius
534 4188 689 4248 lectionum
704 4196 789 4265 parte
803 4185 911 4259 addita,
930 4189 967 4247 de
985 4206 1021 4248 eo
1041 4188 1101 4264 egit
1120 4187 1242 4246 Eduar-
