2714 4710
187 274 251 337 324
540 293 748 342 utrumuis
768 294 966 345 manemus

187 440 363 507 Petrocori.
384 441 493 507 Maria
514 444 600 509 circa
612 466 703 510 oram
721 444 765 509 ad
776 444 928 512 Rhenum
941 446 1209 532 septentrionalis
1228 471 1315 517 ocea-

186 566 260 621 nus,
288 545 374 610 inter
394 545 545 611 Rhenum
566 557 600 611 et
620 542 808 630 Sequanam
826 546 1049 627 Britannicus,
1076 549 1167 614 inter
1193 572 1270 616 eum
1288 564 1316 618 at

188 643 395 730 Pyrenaeum
417 643 574 712 Gallicus.
609 645 740 712 Insulae
761 648 932 732 conplures
953 646 1161 715 Venetorum
1181 673 1268 735 quae
1286 663 1315 718 et

188 745 367 812 Veneticae
387 747 600 832 appellantur,
623 745 712 810 etin
733 744 932 830 Aquitanico
954 747 1029 813 sinu
1049 747 1199 815 Uliarus.

229 845 313 910 XX.
347 847 399 910 34.
428 845 462 909 A
483 844 644 930 Pyrenaei
669 847 888 931 promontorio
912 847 1076 933 Hispania
1101 849 1232 936 incipit,
1258 873 1354 916 an·n

186 947 312 1034 gustior
333 968 399 1010 non
413 943 522 1013 Gallia
541 947 637 1012 modo
659 969 771 1012 verum
786 948 884 1012 etiam
898 948 1083 1035 semetipsa,
1105 960 1146 1015 ut
1167 950 1313 1030 diximus,

186 1047 369 1111 inmensum
389 1058 547 1132 quantum
567 1047 644 1113 binc
664 1070 795 1126 oceano,
820 1047 909 1114 illinc
929 1047 1058 1115 Iberico
1082 1052 1168 1116 mari
1188 1053 1313 1138 conpri-

186 1147 360 1213 mentibus.
395 1146 473 1234 Ipsa
493 1146 654 1232 Pyrenaei
679 1147 757 1234 iuga
782 1147 824 1215 ab
850 1158 966 1214 exortu
991 1151 1223 1234 aequinoctiali
1243 1153 1314 1218 tna

185 1248 220 1312 in
248 1270 399 1312 occasum
425 1247 602 1313 brumalem
627 1246 792 1314 breviores
820 1248 921 1313 latere
948 1250 1196 1336 septentrionali
1221 1274 1313 1336 quarn

186 1348 364 1413 meridiano
377 1347 554 1434 Hispanias
575 1347 710 1412 fidunt.
731 1346 897 1412 Proxuma
916 1371 975 1414 ora
988 1350 1152 1417 citerioris
1165 1362 1217 1418 est
1230 1352 1312 1418 eius·

187 1449 325 1532 demque
347 1447 599 1513 Tarraconensis
628 1448 718 1526 situs,
747 1469 769 1511 a
787 1447 957 1533 Pyrenaeo
981 1472 1043 1536 per
1069 1474 1230 1519 oceanum
1248 1451 1311 1518 Va·

188 1572 320 1616 sconum
347 1550 458 1627 saltus,
486 1547 617 1627 Olarso,
644 1547 862 1614 Vardulorum
888 1551 1019 1636 oppidu,
1048 1550 1215 1640 Morosgi,
1241 1552 1312 1619 Me-

187 1674 302 1731 nosca,
334 1649 527 1736 Vesperies,
559 1647 724 1713 Amanum
752 1660 883 1736 portus,
915 1651 973 1716 ubi
998 1674 1088 1718 nunc
1112 1652 1313 1720 manubria

192 1753 327 1819 colonia.
373 1748 564 1816 Civitatium
590 1772 627 1813 rx
654 1749 745 1835 regio
768 1747 1019 1831 Cantabrorum,
1046 1752 1170 1820 flumen
1196 1752 1312 1841 Sauga,

190 1864 304 1937 portus
329 1850 494 1917 Victoriae
518 1849 817 1936 Iuliobrigensium
850 1850 891 1917 ab
924 1873 962 1916 eo
992 1852 1065 1918 loco
1096 1853 1206 1921 fontes
1229 1853 1313 1921 Iberi

189 1975 232 2015 xr.
254 1974 279 2014 ns
305 1973 471 2036 passuum.
521 1948 641 2015 Portus
667 1947 859 2026 Blendium,
887 1948 1124 2037 Orgenomesci
1151 1974 1171 2018 e
1196 1950 1346 2020 Cannu

189 2050 273 2129 bris,
295 2060 407 2137 portus
427 2071 537 2114 eorum
555 2047 778 2126 Vereasuece,
800 2050 891 2135 regio
912 2048 1092 2131 Asturum,
1118 2052 1236 2141 Noega
1256 2075 1312 2140 op-

190 2151 314 2237 pidum,
342 2149 378 2213 in
404 2148 576 2234 peninsula
601 2145 744 2226 Paesici3
773 2157 807 2212 et
834 2149 951 2215 deinde
980 2163 1162 2218 conventus
1186 2152 1312 2221 Lucen-

227 2358 359 2420 Petrocon‘,
369 2357 454 2409 aud.
471 2354 608 2420 Petroyori,
618 2350 648 2417 β.
667 2394 699 2403 ...
721 2353 808 2404 interni
817 2363 847 2416 et,
859 2357 883 2405 d
906 2354 981 2406 interi
992 2364 1025 2418 et,
1035 2358 1069 2408 R.
1087 2396 1118 2408 ..
1143 2358 1282 2424 Ventorum,
1291 2376 1314 2411 a

199 2429 362 2488 Venestorum,
373 2427 428 2477 Rd.
446 2465 479 2475 ..
498 2441 562 2488 quae
578 2432 608 2484 et,
623 2423 691 2473 Pint
707 2421 740 2472 R.
763 2430 870 2485 atquae,
885 2425 910 2472 d.
928 2461 961 2471 ..
983 2421 1057 2487 inter,
1073 2423 1125 2475 Bd.
1147 2466 1183 2476 ..
1205 2426 1314 2493 Aquita-

193 2495 345 2555 nicusin,d.
364 2533 396 2543 ..
419 2491 528 2551 Uliams,
540 2492 614 2540 codd.
627 2489 715 2541 Geleu.
747 2485 854 2550 Uliaros,
866 2490 899 2539 Β.
924 2489 1081 2553 murima
1101 2488 1273 2557 blame

228 2565 243 2625 ς
256 2567 313 2611 110.
332 2559 442 2610 dicimus
459 2564 484 2618 3,
496 2563 537 2607 29.
556 2597 588 2604 -
605 2559 743 2607 immensum
758 2565 871 2616 cuneata,
888 2557 957 2607 Pint.
982 2558 1117 2608 immiseram
1128 2570 1258 2624 quanm
1272 2562 1314 2615 8ο.

193 2631 295 2681 culved.
307 2642 367 2690 opp.
379 2641 404 2689 p.
418 2630 475 2674 182.
493 2663 526 2673 ..
544 2623 576 2671 ab
594 2632 681 2673 exortu
696 2622 810 2684 brumali,
826 2625 894 2673 Pint
912 2664 944 2673 ..
954 2625 1028 2688 susa,
1043 2628 1118 2676 codd
1135 2627 1230 2679 Galen.
1251 2629 1315 2694 inqu,

194 2695 248 2744 Rd.
271 2733 302 2742 ..
325 2691 368 2754 ad,
383 2687 413 2752 β
431 2731 463 2740 ..
481 2689 688 2754 aequinoctialem,
699 2691 766 2740 Pius
784 2690 913 2751 aestivum,
924 2692 1068 2754 Sepulveon
1082 2693 1210 2756 probatus
1221 2697 1314 2748 Ukarto

193 2776 282 2824 geogr.
297 2768 347 2808 vet.
363 2761 399 2810 II.
417 2765 439 2818 l,
456 2763 514 2808 275.
537 2798 570 2807 ..
593 2756 779 2822 septentrionali,
797 2759 879 2807 omitt.
894 2761 978 2809 R'l'd.
1003 2799 1034 2808 ..
1056 2761 1110 2810 eius
1126 2778 1237 2826 quoque,
1247 2780 1269 2815 r.
1284 2803 1314 2813 -

191 2844 360 2947 tillim
375 2824 544 2944 tulmen
558 2822 1086 2944 nill't’tu‘ll'ttlntll‘lt
1098 2829 1313 2961 itm

294 2933 300 2945 ·
391 2931 397 2953 r
445 2929 451 2942 ·
547 2929 553 2951 r
678 2928 684 2940 ·
715 2928 722 2952 t
786 2928 793 2940 ·
806 2933 838 2942 -
1024 2929 1031 2954 r
1087 2930 1094 2943 ·
1306 2933 1313 2946 ·

193 2964 229 3016 IL
243 2971 267 3026 6,
280 2971 303 3014 9.
328 2960 502 3020 Vasdulorum,
513 2961 589 3010 Rda.
608 3000 640 3008 ..
657 2958 777 3023 oppidum,
789 2960 837 3009 Bt
856 2958 978 3024 oppidum,
990 2963 1039 3012 R'2.
1052 3000 1086 3011 -
1107 2961 1194 3026 Oropi,
1205 2965 1238 3014 R,
1257 2963 1315 3015 om.

193 3049 232 3097 yy,
243 3036 267 3083 d.
280 3072 312 3081 ..
323 3029 450 3089 Menosca,
458 3030 503 3078 Rd
515 3024 601 3089 (codd.
612 3024 739 3088 Barbari.)
758 3023 882 3087 Menona,
891 3041 915 3075 σ.
928 3067 960 3076 -
971 3025 1141 3090 Flauiobrica,
1152 3032 1210 3081 Bd.
1230 3030 1316 3082 Obnbu

193 3101 278 3160 Flaui,
295 3113 318 3147 a.
340 3096 510 3161 Flauiobriqa
525 3090 576 3158 βγ.
595 3134 625 3144 -
647 3093 796 3155 Civitatium,
812 3095 844 3143 R.
867 3093 996 3155 civitatum,
1012 3090 1084 3159 ᾱβγ.
1108 3095 1231 3149 Oeterum
1241 3099 1315 3148 rerba

196 3167 261 3216 civit.
278 3167 326 3216 IX
339 3168 372 3214 ad
387 3163 563 3227 praecedentia
577 3162 645 3211 male
659 3160 737 3210 refert
747 3156 777 3222 β;
798 3163 890 3211 rectius
901 3163 1059 3226 interpunxit
1070 3163 1152 3213 Hand.
1170 3204 1204 3215 -
1223 3162 1316 3215 Conta-

195 3233 298 3291 brorum,
307 3232 373 3281 Rob.
392 3231 426 3279 cii
433 3231 564 3286 tubrorum,
576 3230 608 3278 P.
630 3226 813 3289 Cantabrorum,
826 3231 850 3278 d.
863 3269 895 3278 ..
911 3226 1005 3291 Sauyo,
1017 3229 1094 3280 RTd
1106 3228 1201 3293 (Βοὴ.)
1217 3230 1317 3296 Saeua,

194 3315 214 3348 r.
232 3296 311 3359 Sada,
323 3294 352 3358 β.
374 3293 470 3356 Saudo,
481 3297 560 3346 Hard.
573 3296 649 3346 huius
665 3296 811 3345 mutationis
827 3311 930 3346 causam
945 3310 999 3345 non
1010 3295 1120 3348 afferens
1135 3305 1162 3348 et
1171 3312 1199 3363 r.
1216 3339 1249 3349 -
1267 3297 1317 3349 Hi-

195 3368 254 3427 beri,
266 3380 289 3414 σ.
307 3364 442 3422 Hiberiam,
453 3364 507 3414 Rd.

229 3436 243 3498 §
258 3440 313 3484 111.
331 3430 470 3491 Blendium,
482 3423 595 3481 ROTd.
612 3427 752 3490 Biendium,
764 3423 793 3489 β.
806 3468 837 3477 ..
859 3428 1031 3495 Oryenomesei,
1043 3431 1123 3481 Hard.
1135 3432 1222 3483 RTd.
1242 3431 1318 3497 Orus·

195 3500 301 3561 nomisci,
314 3516 338 3563 g.
359 3497 527 3564 Orpanenesci,
539 3513 562 3547 a.
583 3496 761 3560 Oriyenomisci‚
772 3498 797 3545 b.
818 3495 922 3560 Oriqeni
931 3495 1018 3558 Inisci,
1030 3499 1056 3548 S.
1079 3497 1181 3563 On'qeni
1191 3499 1278 3562 mistis,
1286 3496 1317 3562 β.

198 3569 299 3634 Ormeni
311 3566 416 3627 Conisei,
427 3566 495 3615 Pint.
513 3566 573 3614 Vid.
584 3565 736 3626 Wesseling.
749 3565 782 3612 ad
794 3563 918 3613 Antonin.
930 3564 1011 3613 itiner.
1024 3580 1049 3628 p.
1063 3571 1122 3616 428.
1140 3606 1174 3616 ..
1193 3581 1207 3614 e
1223 3565 1318 3617 (lonta-

195 3637 254 3699 bris,
267 3637 368 3688 RTad.
395 3633 532 3693 Cantabris,
543 3627 572 3693 β.
591 3671 624 3681 ..
647 3630 806 3692 Vercasuma,
818 3632 899 3681 RTd.
927 3630 1077 3693 Vesciuesca,
1089 3633 1116 3684 S.
1145 3631 1225 3695 Vesci,
1242 3632 1319 3695 Vasa,

194 3702 223 3767 β.
243 3746 274 3754 ,
292 3702 410 3762 Artirum,
427 3702 480 3750 Rd.
498 3739 531 3749 ..
548 3697 644 3761 Noeqo,
660 3699 710 3747 rid.
725 3698 787 3748 Mel.
804 3699 852 3748 111.
872 3703 894 3758 1,
911 3703 934 3747 9.
957 3696 1054 3762 Necyo,
1067 3713 1091 3750 a.
1113 3699 1202 3763 Nocet,
1213 3702 1246 3752 B.
1263 3698 1318 3751 Ne-

193 3770 257 3835 petl,
269 3773 322 3821 Td.
336 3812 367 3821 ..
385 3770 418 3830 in,
431 3783 481 3818 om.
494 3770 518 3816 d.
535 3806 567 3814 ..
585 3764 693 3825 Paesici,
704 3766 783 3815 Hard.
794 3766 847 3816 Rd.
864 3763 955 3827 Pesici,
967 3768 1040 3816 codd.
1054 3766 1143 3818 (icleu.
1154 3763 1186 3828 β.
1200 3808 1233 3818 ..
1250 3767 1318 3830 inde,

195 3840 228 3888 K.
247 3880 279 3888 -
301 3836 416 3897 Lunensi,
433 3837 465 3885 R.
483 3873 516 3882 ..
537 3830 710 3893 Nootlubione,
725 3834 835 3882 Ptolem.
851 3847 937 3895 geogr.
953 3833 988 3884 IL
1006 3840 1030 3893 6,
1048 3842 1072 3884 4.
1102 3827 1317 3884 Nouelloout'nou.

195 3905 282 3957 Navia
292 3904 404 3964 Albione,
416 3904 469 3954 ΒΤ
476 3904 500 3951 d.
518 3898 605 3950 Navia
615 3897 742 3961 Albiones,
753 3900 833 3950 Hand.
846 3914 860 3948 o
872 3901 983 3950 codd.-
992 3897 1138 3964 Aequiarri,
1146 3894 1177 3951 θ.
1188 3902 1317 3966 Euboi-ri,

196 3974 227 4022 Τ.
246 3972 371 4032 ecioorri,
383 3974 414 4021 R.
437 3986 467 4020 oe
477 3969 580 4029 cuiorri,
592 3970 616 4017 d.
676 3967 767 4027 everri,
778 3963 829 4031 βγ.
851 3967 977 4029 Equidem
988 3982 1035 4031 pro
1051 3965 1158 4030 Cibarci,
1175 3968 1318 4032 Aeyurarri

196 4053 229 4088 ex
240 4040 380 4089 Ptolemaei
396 4052 481 4101 geogr.
498 4038 532 4087 11.
550 4042 573 4097 6,
586 4042 627 4086 ³8.
649 4025 657 4047 ’
680 4030 792 4100 γουρῥοί
804 4035 941 4096 legendum
951 4043 1013 4097 puto
1024 4035 1128 4098 Ecurri,
1145 4042 1175 4085 ut
1192 4037 1317 4099 scriptura

195 4105 300 4167 vulgata
311 4121 344 4156 ex
356 4105 528 4168 dittographia
539 4104 571 4154 sit
582 4112 679 4153 exona.
697 4143 729 4152 ..
747 4100 883 4152 Namarini
894 4142 926 4151 -
942 4102 1077 4165 coqnomine
1088 4118 1140 4152 om.
1152 4105 1195 4153 d¹.
1218 4101 1314 4153 Numa-

196 4170 254 4232 rini,
271 4174 313 4221 d².
339 4168 497 4231 Numeriani,
512 4173 543 4221 R.
568 4211 599 4220 -
622 4169 723 4231 Iodoni,
740 4171 813 4220 codd.
828 4169 907 4220 Hard.
930 4167 1029 4230 lodari,
1046 4169 1099 4220 Td.
1122 4167 1218 4232 Adoni,
1232 4171 1263 4221 R
1282 4209 1313 4219 -
