2714 4710
423 1102 924 1226 PRAEFATIO.

111 1455 263 1563 Naturae
288 1505 466 1559 scrutatores
491 1501 581 1560 totius
603 1499 782 1562 Germaniae
802 1518 870 1560 cum
891 1520 944 1578 per
962 1499 1145 1560 occasionem
1169 1515 1241 1557 con·

111 1615 257 1668 rentuum
271 1617 392 1668 auctore
401 1608 593 1669 Ludovico
608 1608 760 1681 olenio,
776 1629 864 1684 quem
876 1609 996 1667 honoris
1011 1627 1101 1667 causa
1113 1607 1242 1678 nomino,

112 1719 272 1794 quotannis
302 1717 518 1777 celebratorum
545 1737 623 1777 anno
643 1716 908 1776 MDOCCXXVI.
934 1717 1081 1775 Dresdam
1112 1723 1244 1773 nostrum

112 1835 266 1904 tamquam
282 1828 383 1886 sedem
396 1828 563 1886 studiorum
579 1845 700 1886 suorum
718 1834 749 1885 et
759 1827 948 1898 consiliorum
959 1827 1166 1904 temporariam
1177 1825 1243 1883 adi·

112 1938 218 2010 issent,
242 1935 402 1997 Carolus
415 1936 612 2012 Augustus
627 1936 853 2012 Bottigerus‚
874 1936 1041 2014 philologus
1055 1936 1241 2008 Dresdensis,

111 2029 386 2106 memoriam'illius
405 2047 554 2123 temporis,
574 2065 633 2122 quo
652 2065 718 2105 cum
739 2044 911 2105 Conrado
926 2045 1150 2122 Sprengelio
1169 2064 1241 2105 con-

111 2156 234 2214 iunotus
254 2156 352 2214 studia
375 2157 556 2230 antiquitatis
581 2156 619 2214 ad
644 2139 743 2234 partes
768 2157 911 2230 quasdam
935 2155 1074 2220 historiae
1098 2155 1241 2214 naturalis

111 2265 306 2323 illustrandas
327 2265 478 2338 retulerat,
504 2265 580 2324 laete
600 2266 741 2336 recolens,
768 2265 919 2323 consessui
939 2265 1025 2324 docto
1045 2282 1119 2340 opus
1139 2281 1241 2323 conso·

112 2375 198 2434 oiatis
212 2375 346 2450 ipsorum
360 2373 471 2433 viribus
491 2374 614 2448 dignum
632 2375 817 2432 tractandum
839 2374 1064 2445 commendavit,
1086 2372 1241 2432 editionem

67 2552 74 2557 ‚
112 2484 181 2542 dico
205 2502 315 2543 novem
339 2484 480 2542 naturalis
505 2483 645 2542 historiae
667 2480 797 2540 a¹Caio
821 2479 948 2540 Plinio
975 2480 1144 2542 Secundo
1169 2501 1241 2540 con·

112 2594 254 2670 scriptae,
280 2611 369 2666 quam
394 2601 424 2650 et
448 2600 481 2650 ut
504 2592 631 2668 primum
653 2607 796 2649 conamen
814 2592 904 2650 totius
923 2592 1005 2651 orbis
1029 2601 1151 2650 naturae
1176 2600 1240 2651 tum

111 2702 227 2778 cogniti
251 2702 462 2777 complectendi
487 2707 516 2758 et
539 2702 571 2759 in
596 2700 756 2779 deperditis
775 2707 820 2760 tot
845 2702 1036 2778 scriptoribus
1059 2703 1239 2776 antiquitatis

111 2813 237 2871 unicum
265 2811 378 2870 iontem
406 2811 577 2886 cognitionis
604 2821 721 2870 nostrae
745 2811 825 2870 illius
854 2813 934 2871 orbis
961 2812 1091 2870 homines
1119 2812 1238 2870 litterar·

111 2922 272 2997 utriusque
296 2920 465 2996 disciplinae
492 2921 575 2979 nullo
599 2930 659 2980 non
687 2927 820 2996 tempore
848 2920 1030 2996 gravissimis
1057 2921 1239 2994 antiquitatis

112 3030 310 3107 scriptoribus
333 3031 583 3088 adnumerandam
608 3049 673 3088 esse
697 3049 758 3089 uno
783 3047 835 3087 ore
859 3034 1071 3086 consenserunt
1090 3021 1240 3107 (videatur

112 3138 225 3200 Okenii
237 3141 294 3198 Isis
311 3135 404 3200 1827.
425 3139 497 3198 Vol.
513 3135 564 3198 20.
584 3158 614 3215 p.
630 3133 730 3218 389.).
753 3135 940 3212 Bbttigeri
953 3137 1049 3200 auimo
1064 3139 1238 3198 obversaba-

111 3259 167 3307 tur
187 3250 276 3308 editio
294 3268 314 3307 a
330 3249 481 3327 philologo
500 3249 600 3323 aliquo
618 3249 811 3325 pluribusque
830 3245 957 3326 physicis
982 3250 1131 3308 communi
1149 3269 1239 3326 opera

112 3359 259 3436 pmanda,
278 3353 314 3416 ut'
328 3358 470 3435 philologi
489 3367 587 3434 partes
606 3367 704 3417 essent
717 3359 747 3417 iu
762 3359 860 3429 verbis
874 3359 1025 3436 scriptoris
1039 3369 1069 3419 et
1081 3361 1237 3420 emendan-

113 3467 165 3526 dis
185 3475 215 3524 et
232 3467 425 3541 illustrandis,
455 3469 502 3526 cui
519 3470 638 3543 negotio
657 3469 712 3526 rite
735 3471 943 3546 pertractando
965 3469 1116 3529 adhiberet
1135 3472 1236 3530 doctos

110 3577 266 3655 physicos,
291 3595 415 3652 quorum
439 3578 580 3636 sententia
600 3587 629 3636 et
651 3580 772 3637 consilio
791 3580 821 3638 in
842 3581 941 3639 verbis
960 3582 1145 3639 recensendis
1164 3600 1236 3638 usus

111 3706 174 3745 non
195 3688 278 3763 prius
297 3689 408 3766 librum
428 3687 523 3764 ipsum
545 3707 563 3746 a
584 3707 615 3746 se
634 3689 820 3747 emendatum
840 3690 923 3765 prelo
949 3690 1153 3748 excudendum
1176 3699 1236 3749 tra·

111 3798 208 3868 deret,
233 3815 324 3872 quam
342 3797 441 3855 illide
459 3796 581 3874 singulis
601 3798 674 3857 locis
693 3799 788 3856 dubiis
810 3799 880 3873 quid
900 3799 1060 3858 secundum
1081 3801 1172 3876 ipsius
1193 3804 1237 3860 rei

111 3907 268 3965 veritatem
287 3908 474 3994 statuendum
493 3915 572 3965 esset
595 3908 818 3981 significassent.
850 3906 948 3966 Alteri
967 3908 1057 3986 igitur
1079 3910 1118 3967 ab
1143 3908 1235 3970 altero

110 4017 320 4093 pendendum3
346 4017 494 4094 philologo
520 4014 696 4073 audiendum
717 4015 867 4093 physicum
888 4018 1001 4078 inerte
1026 4019 1125 4078 critica
1148 4021 1234 4080 facti-

111 4127 220 4196 tande3
248 4127 370 4205 physico
395 4146 454 4185 non
477 4109 687 4206 negligendum
710 4125 891 4205 philologum
914 4129 944 4185 in
965 4130 1126 4189 iudicandis
1146 4130 1234 4188 Plinii

1004 4246 1029 4294 A
