2714 4710
147 339 215 382 Lxx
511 371 513 375 .
611 337 800 381 PRAEFATIO.

146 497 250 569 gratus
266 490 426 568 discipulus
441 490 479 558 ab
498 491 562 550 eius
579 509 630 550 ore
642 489 804 568 pendebam
819 489 1034 564 cognovissem,
1051 478 1104 548 illo
1115 507 1154 548 ex
1168 487 1273 550 hbeuo

147 618 206 659 non
217 601 314 660 minus
323 599 468 677 suspicere
478 598 652 671 didicissem,
659 616 749 675 quam
759 617 859 658 amare
866 596 1003 658 consuevi
1010 597 1107 657 virum
1114 598 1272 676 optimum,

145 710 178 768 in
198 728 285 786 quem
299 710 408 769 cadunt
421 727 497 784 quae
510 707 653 767 Horatius
667 708 738 767 dicit
751 707 788 766 de
801 706 900 766 Plotio
920 723 976 765 suo
993 712 1024 764 et
1037 705 1132 766 Vario
1145 713 1177 765 et
1187 704 1272 766 Ver·

146 818 225 896 gilio.
254 817 313 877 Illo
332 817 423 894 igitur
441 817 515 877 mho
536 817 567 876 in
589 835 735 876 consensu
754 817 931 893 optimorum
950 815 1082 875 codicum
1102 815 1134 874 in
1152 815 1272 876 duobus

146 926 337 1002 scriptoribus
352 932 447 984 aetate
461 925 676 1000 aliquantulum
690 944 709 984 a
723 943 755 984 se
770 924 947 984 distantibus
961 924 1057 997 ultro,
1071 923 1161 982 immo
1174 941 1273 1002 paene

145 1034 254 1094 invitus
268 1035 306 1092 nd
320 1035 530 1094 restituendum
544 1035 574 1093 in
588 1034 686 1094 Plinio
700 1053 766 1093 meo
780 1051 841 1092 non
854 1033 983 1091 tironum
1003 1033 1105 1093 usibus
1124 1033 1273 1094 destinato

146 1142 385 1221 orthographiam
398 1144 558 1220 antiquam,
573 1143 691 1218 qualem
704 1143 735 1201 in
748 1142 914 1201 litteratura
926 1143 1062 1201 &mana
1069 1142 1138 1201 inde
1155 1140 1218 1201 iere
1230 1142 1272 1202 ab

145 1253 277 1329 Augusti
296 1272 370 1314 aevo
391 1254 540 1331 usquead
561 1251 722 1311 Theodosii
741 1251 847 1326 Magni
865 1257 998 1327 tempora
1015 1267 1154 1328 cognosse
1168 1250 1272 1328 optimi

147 1363 261 1422 codices
272 1364 385 1437 docent,
401 1381 468 1420 sum
479 1362 634 1432 deductus,
649 1368 678 1419 et
692 1360 770 1437 quod
784 1360 908 1419 inlibris
919 1359 1010 1419 Plinii
1023 1360 1161 1420 extremis
1174 1361 1206 1419 in
1220 1376 1272 1420 cc·

146 1471 209 1530 dice
222 1473 248 1530 B
267 1465 372 1552 (quem
384 1471 487 1548 paucis
507 1470 633 1546 quidem,
650 1469 702 1528 sed
716 1468 897 1544 gravissimis
910 1468 942 1526 in
961 1471 1050 1528 rebus
1068 1469 1272 1548 Pseudo-Ap-

31 1564 35 1578 ’
145 1581 261 1658 puleius
282 1578 482 1641 Salmasianus
502 1580 623 1640 mirifice
644 1558 807 1651 confirmat,
829 1598 859 1638 v.
874 1585 1001 1652 quaastt.
1016 1577 1095 1638 Plin.
1109 1576 1136 1637 1.
1150 1598 1181 1657 p.
1197 1573 1271 1661 13.)

146 1691 269 1750 servatis
282 1689 449 1750 iaciendum
463 1689 575 1768 putavi,
591 1690 747 1748 tenendum
760 1687 816 1746 tuit
828 1687 858 1745 in
869 1687 1003 1747 omnibus
1013 1687 1098 1746 libris
1108 1686 1271 1764 prioribus,

146 1818 271 1876 quorum
290 1800 404 1858 codices
425 1798 528 1875 optimi
548 1791 702 1879 (ARVa)
722 1796 892 1873 saepissime
915 1814 982 1855 cum
1001 1796 1029 1855 B
1047 1795 1174 1870 iaciunt,
1199 1813 1271 1856 cum

145 1907 375 1984 prudentissime
397 1907 501 1982 cuique
523 1906 622 1966 critico
643 1908 680 1965 de
704 1907 826 1965 veritate
843 1905 991 1983 praecepti
1007 1904 1151 1981 Madvigii
1165 1898 1271 1985 (epist.

146 2015 185 2075 ad
200 2013 293 2074 Orell.
308 2035 337 2092 p.
353 2012 419 2092 22.)
439 2033 612 2092 persuasum
633 2033 699 2075 esse
712 2016 827 2088 debeat,
841 2015 873 2074 in
886 2017 976 2074 rebus
990 2013 1224 2092 orthographicis
1238 2021 1272 2075 et

146 2125 347 2204 etymologicis
361 2125 439 2201 apud
453 2124 578 2183 eundem
593 2125 765 2203 scriptorem
779 2123 985 2199 aequalitatem
1003 2124 1178 2183 servandam
1191 2141 1270 2201 esse,

147 2250 323 2311 quamquam
331 2251 409 2293 nunc
416 2233 582 2311 suntquiin
592 2234 694 2293 eodem
705 2235 846 2311 scriptore
855 2233 944 2292 modo
951 2252 1024 2307 cum,
1031 2233 1118 2292 modo
1124 2252 1211 2312 quum
1218 2234 1273 2294 vel

148 2363 231 2422 quom
242 2345 327 2403 edere
337 2362 397 2403 non
410 2342 553 2402 dubitent.
567 2339 769 2403 Constantiam
778 2351 878 2401 tamen
889 2343 999 2417 ubique
1011 2349 1158 2402 servatam
1168 2342 1219 2403 vel
1229 2342 1273 2403 sic

147 2453 240 2512 lector
251 2472 471 2528 nonnumquam
482 2452 664 2526 desiderabit,
678 2453 763 2512 citius
774 2451 877 2528 culpae
889 2452 1110 2510 excusationem
1119 2452 1157 2511 ab
1168 2451 1273 2528 aequi·

147 2570 207 2621 tate
222 2563 284 2621 eius
300 2562 387 2620 enixe
400 2569 469 2639 peto
483 2580 606 2637 eamque
619 2581 667 2622 me
681 2563 907 2639 impetraturum
922 2580 987 2621 esse
1002 2561 1116 2625 duabus
1126 2561 1272 2621 &musis

148 2688 207 2729 non
226 2669 288 2727 sine
308 2671 481 2728 confidentia
499 2671 599 2747 aliqua
617 2689 713 2748 spero.
743 2670 807 2730 Vix
826 2672 904 2729 enim
924 2671 987 2729 fieri
1004 2677 1113 2747 potest,
1133 2677 1168 2729 ut
1189 2671 1273 2746 apud

148 2768 320 2855 scriptorem
339 2778 413 2837 tanti
432 2777 559 2838 ambitus
580 2781 628 2839 vel
648 2780 856 2839 attentissimos
879 2779 979 2840 oculos
993 2797 1053 2840 non
1065 2798 1126 2839 una
1139 2780 1273 2840 alterave

146 2887 253 2960 forme,
268 2906 344 2964 quae
358 2889 396 2946 ad
409 2888 542 2966 regulam
564 2888 723 2947 stabilitam
743 2889 887 2966 exigenda
899 2889 965 2962 fuit,
981 2889 1112 2966 effugiet,
1129 2896 1159 2948 et
1171 2887 1272 2963 futile,

146 3004 229 3075 puto,
246 2998 273 3056 ei
286 2998 507 3070 condonabitur,
517 2998 569 3075 qui
581 2997 612 3056 in
625 2997 671 3056 his
685 2999 772 3058 rebus
785 3017 845 3057 non
858 2999 954 3076 primo
969 2998 1066 3058 statim
1078 2999 1159 3058 iactu
1173 2998 1274 3058 omnia

146 3115 225 3166 recte
248 3107 365 3179 iecerit3
391 3116 454 3167 tum
479 3116 577 3168 autem
601 3108 767 3185 aliquoties,
786 3108 837 3166 ubi
850 3125 889 3165 ex
903 3107 1078 3184 aequalitate
1092 3106 1272 3184 ambiguitas

147 3217 245 3291 aliqua
266 3217 336 3275 oriri
354 3223 481 3292 poterat,
504 3218 598 3275 sciens
616 3217 659 3276 fui
679 3218 857 3289 inconstans,
878 3216 958 3293 quod
971 3216 1157 3294 potissimum
1171 3216 1207 3275 de
1220 3234 1272 3276 ac·

148 3325 280 3382 cusativo
294 3324 405 3400 plurali
417 3325 522 3382 tertiae
538 3325 738 3385 declinationis
751 3327 783 3384 in
799 3328 825 3386 ie
846 3333 972 3384 exeunte
986 3326 1079 3403 vaiet,
1094 3343 1154 3402 qua
1166 3325 1272 3402 paucis

147 3431 282 3504 inlotis,
303 3449 341 3489 ne
359 3431 454 3491 lector
471 3432 656 3506 turbaretur,
676 3434 831 3509 repudiata
848 3435 986 3495 usitatam
1010 3436 1042 3494 in
1063 3455 1093 3495 cs
1113 3440 1272 3494 exeuntem

148 3540 266 3600 servavi
281 3534 326 3620 (v.
341 3535 394 3613 37,
410 3535 483 3599 176.
497 3535 603 3620 t'qrtcu).
625 3541 669 3602 Ut
682 3549 781 3601 autern
794 3544 920 3604 lectores
933 3545 965 3604 in
979 3545 1154 3603 universnm
1165 3542 1271 3617 sciant,

147 3667 292 3725 quasnam
301 3649 413 3710 formas
423 3647 664 3726 orthographicas
675 3658 794 3711 secutus
805 3653 861 3713 sim
871 3653 919 3712 vel
931 3661 1009 3713 certe
1018 3653 1102 3730 sequi
1112 3651 1271 3725 voluerim,

146 3759 288 3834 pleraque
309 3776 384 3835 quae
403 3776 422 3817 a
439 3757 586 3816 communi
605 3757 669 3818 fere
689 3779 748 3820 usu
767 3762 877 3821 distant
894 3760 951 3822 hoc
976 3763 1042 3822 loco
1068 3761 1272 3837 coniungenda

146 3866 259 3944 putavi,
275 3885 311 3924 ne
324 3866 354 3924 in
368 3867 577 3926 commentario
592 3868 691 3927 critico
706 3886 780 3946 opus
807 3870 945 3931 haberem
970 3872 1009 3929 ad
1029 3871 1148 3930 easdem
1165 3870 1270 3931 lectio·

147 3976 193 4034 nis
215 3975 426 4053 discrepantias
446 3974 532 4035 toties
552 3978 714 4037 enotandas
734 3996 897 4038 recurrere.
931 3976 1043 4056 Scripsi
1062 3980 1155 4056 igitur
1174 3978 1269 4040 fretus

146 4083 319 4143 auctoritate
338 4084 443 4144 codicis
453 4082 491 4158 B,
511 4102 689 4162 quamquam
709 4105 769 4147 non
789 4104 906 4164 semper
925 4088 979 4148 arbi
998 4089 1169 4161 constantis,
1188 4089 1269 4149 unde

147 4190 302 4267 aliquoties
326 4193 364 4252 ed
389 4193 585 4267 coniecturas,
611 4196 637 4255 si
660 4197 702 4256 ita
719 4197 817 4256 dicere
836 4196 920 4271 licet,
946 4198 1172 4278 confugiendum
1192 4205 1265 4271 erat,
