2714 4710
172 337 235 400 258
521 352 724 399 strumus
748 350 942 431 mercaris

170 505 338 590 eporedias
362 503 448 570 Galli
471 504 571 567 bonos
593 525 748 586 equorum
769 503 941 568 domitores
962 515 1096 580 vocant,
1125 503 1291 572 Vercellae
1304 525 1342 568 ur

168 604 356 672 Libicorum
378 629 419 670 ex
434 602 584 669 Salluviis
597 615 698 680 ortae,
721 602 860 669 Novaria
875 627 915 669 ex
929 604 1210 671 Vertacomacoris
1225 606 1291 672 Vo-

168 709 344 772 contiorum
366 705 526 789 hodieque
547 727 642 792 pago,
664 727 728 769 non
750 706 804 791 (ut
817 702 900 770 Cato
915 705 1104 791 existumat)
1118 704 1289 795 Ligurum,

167 831 207 871 ex
230 808 346 891 quibus
367 805 469 871 Laevi
493 817 525 870 et
547 803 664 870 Marici
684 805 856 871 condidere
876 805 1025 870 Ticinum
1052 828 1119 871 non
1139 811 1289 893 procula

165 907 266 983 Pado,
295 908 377 972 sicut
399 905 473 970 Boii
494 905 725 992 Transalpibus
753 906 892 993 profecti
916 903 1064 972 Laudem
1086 906 1286 994 Pompeiam,

164 1007 317 1072 Insubres
331 1006 563 1072 Mediolanum.
591 1005 784 1071 Orobiorum
807 1007 916 1092 stirpis
937 1029 1008 1071 esse
1031 1003 1171 1073 Comum
1193 1020 1288 1094 atque

163 1107 358 1195 Bergomum
387 1120 420 1173 et
440 1107 654 1172 Licinisorum
680 1107 802 1190 aliquot
827 1106 913 1172 circa
938 1107 1074 1192 populos
1102 1119 1288 1177 auctorest

164 1207 263 1287 Cato,
293 1210 350 1274 sed
379 1209 535 1295 originem
555 1208 662 1296 gentis
683 1207 831 1294 ignorare
853 1229 888 1272 se
910 1207 1047 1285 fatetur,
1076 1229 1174 1292 quam
1194 1211 1289 1279 dccet

165 1307 334 1376 Cornelius
356 1310 542 1376 Alexander
563 1319 667 1373 ortam
693 1331 713 1372 a
733 1305 882 1386 Graecia,
904 1309 1170 1394 interpretatione
1191 1313 1285 1378 etiam

161 1413 299 1475 nominis
326 1413 424 1475 vitam
450 1411 481 1472 in
508 1408 669 1473 montibus
691 1407 888 1496 degentium.
921 1407 961 1472 In
986 1408 1047 1474 hoc
1075 1411 1141 1476 situ
1167 1413 1285 1479 interiit
1298 1432 1339 1475 ras

161 1512 318 1601 oppidum
339 1511 534 1578 Orobiorum
555 1508 666 1586 Parra,
689 1509 776 1573 unde
791 1507 1001 1594 Bergomates
1024 1508 1107 1576 Cato
1129 1512 1214 1579 dixit
1233 1538 1284 1581 or-

162 1625 228 1691 tos,
257 1615 431 1679 etiamnum
457 1611 611 1698 prodente
641 1632 675 1673 se
703 1609 798 1673 altius
827 1631 923 1692 quam
952 1610 1148 1678 fortunatius
1179 1616 1282 1682 situm.

161 1715 316 1780 Interiere
338 1725 371 1780 et
395 1712 569 1800 Caturiges
589 1710 763 1775 Insubrum
784 1709 912 1774 exsules
934 1721 966 1774 et
989 1707 1092 1797 Spina
1114 1737 1215 1800 supra
1233 1704 1282 1781 di-

162 1828 224 1893 cta,
247 1818 324 1880 item
340 1815 488 1900 Melpum
509 1812 672 1898 opulentia
693 1810 913 1894 praecipuum,
936 1812 1024 1894 quod
1038 1813 1079 1879 ab
1092 1813 1283 1884 Insubribus

162 1927 194 1981 et
221 1916 310 1979 Boiis
337 1928 369 1979 et
399 1913 581 1979 Senonibus
608 1912 748 1976 deletum
775 1932 845 1974 esse
876 1933 914 1976 eo
946 1912 998 1976 die
1032 1936 1098 1998 quo
1127 1913 1283 1983 Camillus

160 2016 260 2082 Veios
284 2016 404 2102 ceperit
424 2013 536 2099 Nepos
559 2011 728 2078 Cornelius
750 2010 889 2076 tradidit.

161 2225 270 2292 praefert
285 2225 397 2285 Madvig.
415 2236 501 2284 opusc.
519 2220 589 2268 acad.
606 2218 628 2266 L
647 2233 672 2280 p.
690 2223 757 2276 288,
775 2217 819 2278 qui
834 2217 896 2265 scite
913 2217 1015 2279 quidem
1027 2223 1060 2269 ad
1076 2222 1150 2273 iussa
1164 2221 1280 2291 &udas

162 2295 296 2345 asserenda
309 2293 397 2341 laudat
412 2286 537 2352 Sibyllina
553 2283 661 2334 remedia
679 2290 719 2342 11,
736 2290 792 2333 105.
820 2283 871 2333 Sed
887 2292 915 2332 ut
930 2293 1030 2335 mecam
1047 2289 1124 2340 iussm
1147 2306 1202 2343 non
1222 2303 1280 2360 apto

162 2365 219 2412 1000
231 2363 342 2426 positum
354 2358 440 2413 sideri,
452 2356 500 2404 nisi
511 2354 577 2404 forte
588 2352 731 2414 Madvigius
742 2351 807 2399 illud
817 2351 895 2414 paulo
911 2353 1046 2404 violentius
1062 2371 1131 2420 pone
1148 2358 1279 2426 Sibyllinis

161 2431 305 2480 mmfioeff,
316 2429 384 2486 velit,
397 2427 519 2488 scriptura
529 2423 634 2484 vulgata
644 2436 660 2469 a
671 2420 744 2469 nobis
754 2428 879 2480 revocata,
891 2421 962 2469 cuius
974 2423 1091 2473 notitiam
1102 2427 1142 2475 vir
1152 2437 1280 2492 praestan·

161 2499 273 2546 tissimus
289 2509 342 2543 non
357 2494 455 2551 habuit,
473 2499 498 2539 et
515 2504 602 2538 omnes
619 2487 780 2536 difficultates
796 2487 891 2549 optime
907 2488 982 2537 solvit
999 2499 1024 2540 et
1040 2497 1171 2554 quomodo
1185 2504 1279 2547 ceteras

161 2564 282 2612 lectiones
295 2571 364 2609 ortae
377 2561 434 2616 sint,
447 2557 513 2605 clare
525 2559 606 2604 docet.
627 2554 811 2618 Interpolatam
823 2569 922 2603 nesam
939 2557 1059 2620 dicamus,
1076 2560 1185 2624 impedit
1200 2565 1278 2614 omtio

162 2645 214 2679 non
231 2631 290 2677 satis
307 2628 433 2689 expedita,
451 2638 515 2686 quae
533 2623 681 2684 sapientiam
698 2622 855 2670 librariorum
872 2637 924 2670 non
940 2626 1043 2674 redolet.
1070 2627 1117 2676 Uti
1131 2644 1192 2678 vero
1204 2646 1279 2681 nemo

161 2695 338 2754 offenderetur,
356 2694 377 2741 si
392 2692 491 2741 Plinius
508 2691 655 2753 simpliciter
672 2691 777 2738 dixisset
794 2688 862 2738 labris
880 2688 931 2738 sa.
950 2692 1023 2742 condi
1038 2693 1139 2756 iussum,
1153 2698 1194 2747 ita
1203 2701 1278 2750 verba

161 2780 178 2812 a
187 2780 243 2828 pop.
255 2759 328 2809 Rem.
351 2761 436 2808 addita
452 2758 621 2806 duriusculum
638 2758 739 2819 quidem
755 2759 862 2805 reddunt
874 2758 1021 2820 orationem,
1034 2764 1078 2810 sed
1088 2766 1277 2816 excusationem

160 2839 212 2880 tam
229 2832 261 2879 ab
279 2828 401 2878 orationis
418 2840 508 2889 genere
524 2825 654 2883 Pliniana,
673 2839 749 2886 quam
765 2841 781 2872 a
796 2826 944 2874 necessitate
961 2842 1012 2889 qua
1028 2829 1112 2878 addita
1126 2838 1186 2880 sunt
1201 2831 1277 2882 facile

159 2900 293 2948 invenient.
325 2939 355 2945 ..
385 2892 531 2959 Eporediae,
551 2893 603 2941 To.
633 2888 795 2956 &perediam
821 2892 854 2941 A.
884 2888 1044 2956 Sepusedias,
1068 2898 1100 2947 R
1132 2898 1277 2963 Yporediaa,

159 2969 248 3018 Ambr.
261 2968 294 3016 11.
307 2967 373 3015 Rob.
397 2958 535 3026 Iporedios,
547 2961 636 3010 Ambr.
649 2959 671 3008 I.
689 2958 839 3022 Iporedieos,
850 2975 869 3007 r.
887 2957 1049 3023 Eporedicas,
1061 2960 1090 3023 β.

193 3034 278 3095 §let
312 3029 446 3097 Verqellae,
467 3030 515 3078 R'.
551 3026 678 3092 Verpillae,
700 3029 722 3075 d.
750 3067 781 3073 -
807 3024 952 3087 Lidicorum,
974 3031 997 3078 d.
1015 3027 1175 3096 Libiciorum,
1197 3037 1277 3086 ΕΔΤ

159 3100 261 3163 (Ambr.
280 3098 327 3160 II.)
358 3098 515 3155 Libitiorum,
531 3097 557 3145 K
573 3093 675 3157 (Ambr.
692 3094 712 3142 Ι.
729 3090 823 3154 Laud.)
854 3092 1021 3158 Libyciorum,
1039 3113 1062 3146 o.
1091 3141 1123 3148 -
1150 3099 1275 3163 Salluviis,

154 3170 271 3227 Broter.;
284 3169 333 3214 vid.
346 3169 360 3227 ξ
374 3172 413 3214 36.
427 3169 467 3214 47.
491 3160 586 3223 Salvis,
597 3162 624 3212 A
641 3159 742 3223 (Ambr.
755 3161 775 3209 L
787 3159 882 3222 Land.)
900 3160 978 3224 Salis,
990 3179 1013 3212 a.
1035 3165 1117 3228 Alcis,
1129 3170 1162 3217 R.
1184 3168 1274 3227 Alluis,

159 3236 183 3282 d.
201 3231 300 3297 Salluis,
312 3234 415 3281 Barbas.
428 3227 456 3290 β.
476 3229 569 3290 Saluis,
582 3232 661 3278 altera
671 3229 776 3278 Barbari
789 3229 940 3278 coniectura.
960 3272 991 3280 -
1017 3232 1274 3298 ΙῙενεαοοιηασονιέ,ΒΙ

166 3300 350 3359 Vertamocoris,
362 3298 396 3347 A.
426 3296 613 3358 Vertamocoris,
626 3300 642 3346 d
655 3295 755 3356 (Ambr.
767 3297 788 3345 1.
800 3294 895 3353 Laud.)
924 3297 1110 3363 Vertacornaris,
1123 3318 1146 3352 a.
1171 3345 1203 3353 -
1231 3305 1274 3354 Vo-

158 3367 297 3427 contiorum,
316 3368 387 3415 codd.
403 3367 506 3413 Barbas.
531 3405 561 3411 -
582 3381 656 3428 papo,
672 3365 717 3413 Rd
733 3361 818 3424 (codd.
830 3362 948 3426 Barbar.)
967 3383 1043 3430 papa,
1055 3369 1089 3417 A.
1103 3386 1196 3435 papus,
1208 3386 1232 3420 σ.
1243 3414 1271 3422 ,,

163 3435 232 3494 Cato,
244 3436 293 3484 rid.
311 3435 416 3489 Kranae,
432 3432 548 3494 lragmm.
566 3432 655 3480 histor.
672 3435 748 3482 Rom.
766 3446 790 3494 p.
806 3437 861 3480 lto.
884 3473 915 3480 -
938 3429 1025 3494 Laevi,
1036 3437 1142 3487 RAad.
1164 3437 1236 3500 Levi,
1246 3435 1272 3501 β.

159 3503 239 3564 eni,a.
267 3543 298 3550 -
330 3499 537 3558 Τῶἱοῖηωπ,Τ(1.
565 3540 596 3547 .-
628 3497 950 3564 Τναηεαίρῶιιε,ΒΑαᾱθ.
977 3502 1190 3568 transmeati.
1216 3508 1272 3557 Vid.

158 3570 225 3621 Gell.
244 3576 283 3629 15,
296 3576 336 3618 30.
355 3609 386 3616 -
404 3566 516 3631 profecti,
529 3561 651 3616 ansae.
666 3567 783 3630 provecti,
795 3561 823 3625 β.
839 3608 869 3613 -
891 3565 1041 3630 Orobiornm,
1055 3571 1183 3622 Pertusat.
1194 3575 1271 3625 Laud.

160 3637 361 3696 Oninrdiviorum,
379 3637 410 3685 R.
440 3633 607 3694 Ordoviorum,
624 3636 648 3683 d.
678 3633 860 3693 Oromobiorum,
872 3635 905 3683 A.
935 3633 1121 3699 Oromoniorum,
1142 3641 1232 3691 Ambr.
1251 3643 1271 3692 1.

158 3703 352 3763 Cenomanorum,
365 3703 454 3752 Ambr.
471 3703 505 3751 11.
532 3743 562 3750 -
591 3711 664 3764 atque
683 3699 836 3765 Bergomum,
853 3717 905 3750 om.
921 3702 952 3751 R.
979 3744 1010 3752 -
1037 3703 1270 3771 Licinisorum,Aa.

157 3770 332 3836 Liqinisornm
349 3772 395 3820 Rd
413 3767 513 3830 (Ambr.
530 3768 578 3830 11.)
604 3769 792 3832 Lipniniforum,
807 3769 888 3817 Laud.
910 3766 1082 3834 Liqnusorum,
1099 3774 1191 3825 Ambr.
1203 3778 1224 3827 I.
1241 3818 1269 3826 ..

155 3837 257 3903 aliquot,
274 3842 307 3890 A.
334 3837 441 3902 aliquod,
457 3839 511 3887 Ru.
538 3836 644 3898 aliquos,
661 3849 684 3883 σ.
712 3844 735 3883 et
751 3835 857 3900 aliquot,
873 3832 924 3899 βγ.
950 3879 982 3886 ..
1012 3836 1084 3900 Cato,
1100 3843 1151 3891 vid.
1168 3845 1271 3906 Kranae,

154 3905 270 3968 fragmm.
283 3908 372 3956 histor.
384 3907 459 3954 Rom.
473 3920 497 3968 p.
513 3910 567 3954 121.
587 3946 617 3951 -
637 3920 654 3951 a
668 3903 782 3963 Graecia,
793 3905 824 3954 R.
847 3899 964 3966 Graecia,
976 3907 1000 3955 d.
1026 3903 1167 3971 Graeciam,
1184 3913 1218 3961 A.
1241 3953 1269 3962 -

155 3970 385 4036 interpretationem,
398 3973 422 4020 d.
441 4012 473 4020 -
491 3972 635 4035 depentinm,
647 3972 680 4020 A.
699 3973 845 4035 decentibus,
858 3967 958 4036 Russr.

189 4036 203 4096 §
218 4046 273 4088 125.
294 4038 468 4098 Orumbiorum,
477 4040 566 4089 Ambr.
575 4040 609 4089 11.
625 4038 865 4101 mansissemus.
881 4039 1229 4105 Orumboviorum,A(Ambr.
1238 4044 1271 4108 1.)

157 4101 361 4165 Orumboinorum,
374 4108 397 4154 d.
418 4105 618 4167 Oromboviornn,
630 4107 712 4156 Laud.
731 4148 762 4156 ..
787 4107 881 4167 Pana,
894 4108 969 4158 RAd
980 4106 1081 4170 (Ambr.
1094 4113 1116 4161 1.
1129 4113 1165 4162 IL
1176 4113 1270 4176 Laud.)

155 4170 266 4232 Borrae,
277 4170 305 4233 β.
323 4171 420 4233 Barna,
431 4187 456 4235 r.
475 4214 505 4220 -
529 4171 688 4233 Calavidd.
701 4176 762 4224 1...
777 4176 893 4239 madente
904 4193 937 4236 se,
950 4176 1024 4227 Ado.
1039 4179 1182 4242 prudentes,
1194 4183 1226 4232 B.
1239 4223 1268 4232 -

153 4237 231 4298 ritum,
244 4240 298 4289 ΒΑ
306 4232 393 4289 &Tur
404 4236 504 4300 (Ambr.
516 4237 551 4300 I.)
569 4238 624 4302 situ,
636 4243 716 4292 Laud.
728 4242 817 4294 Ambr.
829 4246 863 4295 11.
882 4241 933 4304 siti,
945 4257 968 4292 σ.
986 4245 1054 4307 sitos,
1063 4241 1093 4307 β.
1111 4287 1144 4298 ...
1171 4244 1270 4300 Caturi-

152 4319 203 4370 ees,
216 4306 288 4356 codd.
300 4307 403 4356 Barbas.
423 4302 534 4370 Careqes,
546 4307 580 4355 A.
603 4308 689 4358 Caluri
698 4325 762 4373 qens,
774 4313 825 4362 Rd.
845 4312 927 4361 saturi
935 4327 1003 4376 qens,
1015 4328 1038 4361 a.
1059 4309 1172 4379 Gaturqi,
1183 4332 1203 4366 r.
1223 4313 1271 4366 Ga-
