2714 4710
549 327 739 372 PRAEFATIO.
1124 333 1204 376 Lx1x

77 481 167 540 etiam
181 478 254 540 alios
268 480 352 554 sequi
365 479 498 557 potuisse
512 487 542 538 et
555 480 681 542 fortasse
694 483 751 542 hoo
764 482 831 558 ipso
844 482 875 541 in
889 481 965 554 loeo,
980 502 1067 558 quem
1080 485 1126 544 illi
1140 496 1204 545 ten·

77 591 192 662 tabant,
208 597 340 649 secutum
353 588 455 661 fuisse,
471 598 534 648 tum
545 591 685 666 Plinium,
702 592 738 650 de
752 611 812 667 quo
826 609 914 651 nemo
928 593 1050 667 dubitat,
1071 595 1102 653 in
1116 596 1204 654 rebus

76 698 206 758 maxime
215 699 360 758 botanicis
372 698 479 773 ubique
490 699 644 759 offendisse
656 709 685 760 et
695 704 786 761 verba
797 699 923 773 Graeca,
935 704 1013 761 unde
1025 723 1079 763 sue
1089 706 1205 781 petivit,

77 808 252 886 saepissime
265 809 344 868 mue
357 786 546 868 intellexisse.
575 808 661 883 Quos
680 829 747 870 sum
768 811 811 870 nu
832 812 889 870 vm
903 813 980 871 aas
993 833 1053 873 uno
1068 833 1119 872 010
1133 832 1206 872 con-

77 919 242 990 fiterentur,
257 918 346 997 iidem
360 925 459 976 temen
474 920 579 993 quovis
591 920 639 978 vel
649 920 842 979 audacissimo
850 922 981 1013 remedio
992 916 1081 981 Plinii
1092 926 1206 981 errores

78 1027 262 1086 emendaturi
282 1035 378 1099 erant,
398 1028 468 1102 quid
487 1028 553 1105 ipsi,
568 1030 640 1104 quid
654 1029 781 1088 librariis
795 1030 993 1103 tribuendum,
1007 1049 1131 1108 prorsus
1146 1051 1207 1090 non

79 1145 227 1211 curantes.
248 1136 290 1195 Et
303 1137 371 1213 quis
385 1137 505 1196 tandem
517 1138 596 1210 finis,
610 1139 657 1224 ita
667 1118 769 1214 quaeri
781 1145 894 1216 potest,
915 1141 969 1198 erit
983 1141 1146 1218 corrigendi
1160 1141 1207 1198 al-

79 1253 176 1306 terum
191 1264 228 1306 ex
241 1247 336 1306 altero
352 1245 543 1323 scriptorem?
558 1247 611 1308 Uti
625 1248 674 1307 alii
684 1245 715 1320 2,
727 1224 912 1309 242-2442
932 1249 1060 1308 Plinium
1074 1270 1112 1308 ex
1125 1249 1207 1325 Aga·

78 1355 222 1428 thamara,
242 1355 293 1414 alii
310 1355 390 1421 hune
409 1369 448 1414 ex
465 1357 519 1415 illo
533 1359 687 1417 emendare
698 1357 866 1417 voluenmt.
889 1357 976 1431 Quod
986 1359 1078 1434 igitur
1088 1359 1125 1418 de
1135 1377 1208 1434 quo-

80 1465 150 1523 dem
172 1462 262 1523 Plinii
280 1464 346 1524 loeo
366 1438 562 1524 Schneiderus
582 1467 621 1526 ad
642 1466 840 1543 Theophrast.
861 1468 899 1526 T.
920 1469 978 1526 111.
994 1488 1024 1545 p.
1041 1465 1113 1526 177.
1127 1459 1207 1526 reete

80 1574 204 1646 monuit,
221 1574 249 1632 ei
262 1592 392 1633 errorem
406 1592 493 1659 suum
507 1576 732 1650 relinquendum
745 1595 821 1648 esse,
836 1577 915 1634 idem
928 1578 960 1634 in
973 1577 1117 1652 plurimos
1132 1578 1207 1636 alios

81 1684 163 1742 locos
178 1683 283 1742 eadere
297 1691 413 1754 censeo,¹
429 1683 473 1741 uti
487 1702 548 1742 nou
561 1685 659 1742 minus
674 1685 878 1742 auctoritatem
890 1681 983 1742 Plinii
996 1662 1035 1741 ad
1049 1686 1208 1742 emendan-

82 1792 153 1851 dum
167 1781 408 1869 Theophrastum
422 1785 518 1872 (certe
531 1792 618 1852 etiem
632 1793 671 1850 ad
684 1793 758 1851 alios
779 1788 954 1873 sumptores)
975 1799 1059 1851 ceute
1077 1792 1209 1852 adhiberi

74 1888 190 1962 'semro
202 1901 280 1960 nem
294 1901 489 1961 sennensem
502 1902 524 1960 1.
538 1902 560 1960 1.
574 1922 605 1978 p.
618 1897 690 1963 671.
706 1903 858 1965 verissime
871 1902 1022 1962 radicavit.
1043 1901 1108 1961 ma
1118 1902 1209 1978 igitur

82 2012 113 2071 in
125 2011 310 2083 coniecturis,
326 2011 395 2070 lieet
413 2010 555 2087 plmimas
574 2029 699 2087 prorsus
721 2011 812 2070 falsas
831 2029 898 2071 esse
917 2012 1127 2087 intelligerem,
1152 2011 1209 2071 hoo

82 2128 181 2180 umen
198 2138 250 2179 me
267 2121 408 2197 impedire
431 2140 491 2180 non
515 2120 624 2199 potnit,
641 2123 798 2197 quominus
811 2123 970 2199 plerasque
984 2140 1095 2194 omnes,
1111 2121 1209 2196 quoad

84 2247 187 2290 earum
205 2238 325 2306 compos
344 2229 407 2288 fieri
423 2230 522 2306 potui,
546 2232 754 2290 commentario
769 2250 835 2290 meo
848 2233 1017 2301 insererem,
1032 2240 1066 2289 ut
1079 2231 1115 2288 iis
1129 2249 1209 2289 oom-

83 2339 253 2398 memoratis
272 2338 385 2397 animos
405 2337 548 2397 lectorum
566 2340 603 2396 de
622 2340 787 2398 sinceritate
810 2342 968 2399 verborum
993 2341 1043 2397 vel
1066 2339 1155 2396 etiam
1173 2339 1210 2409 de

86 2449 210 2508 v'eritate
227 2449 321 2523 ipsius
341 2448 384 2506 rei
402 2466 423 2505 a
435 2448 533 2506 Plinio
552 2448 676 2506 traditae
691 2449 875 2507 adverterem
895 2464 1003 2522 eosque
1017 2448 1056 2506 ad
1070 2447 1208 2507 dubitan-

85 2559 166 2631 dum,
182 2557 381 2632 quaerendum
396 2565 436 2628 et,
452 2557 477 2645 si
490 2557 545 2615 diis
558 2557 670 2632 placet,
690 2575 795 2616 verum
808 2557 1013 2632 reperiendum
1033 2556 1208 2626 excitarem

85 2666 114 2726 in
128 2666 230 2744 peusis
246 2666 430 2737 coniecturis,
444 2683 519 2740 quae
533 2665 667 2743 plurimis
683 2667 779 2725 verbis
793 2667 911 2725 mutatis
926 2674 956 2725 et
975 2665 1158 2743 transpositis
1180 2670 1210 2722 et

86 2795 117 2835 se
134 2777 218 2853 ipsae
235 2775 447 2850 redarguerent
465 2783 494 2834 et
512 2793 653 2852 magnum
673 2776 801 2853 spatium
820 2777 1010 2850 requirerent,
1020 2753 1023 2757 ‚
1033 2775 1104 2834 satis
1118 2773 1211 2832 habui

85 2886 182 2959 virum
207 2886 326 2944 doctum
350 2890 381 2941 et
403 2885 513 2957 locum,
534 2885 585 2944 ubi
609 2885 805 2944 coniecturam
820 2903 905 2944 suam
918 2885 1050 2960 protulit,
1071 2882 1208 2941 indicare.

87 2993 226 3054 (laterum
243 2992 355 3053 multas
375 2993 558 3053 coniecturas
579 2995 617 3052 ab
638 2994 704 3052 aliis
723 2993 890 3069 propositas
917 3011 965 3049 me
988 2990 1097 3066 fugisse
1125 2988 1210 3048 facile

86 3103 187 3175 ered03
202 3112 234 3162 et
246 3119 342 3178 neque
356 3120 456 3162 omnes
469 3103 572 3172 libros,
586 3103 618 3160 in
632 3102 740 3176 quibus
749 3100 875 3158 fortasse
886 3100 1071 3171 delitescunt,
1086 3097 1211 3174 adipisei

86 3213 178 3288 potui,
193 3230 288 3288 neque
301 3218 412 3271 temere
426 3212 564 3285 quodque
578 3210 707 3286 spissum
721 3209 859 3269 volumen
873 3207 936 3266 sine
950 3213 1030 3268 certa
1044 3193 1211 3266 inveniendi

87 3339 140 3398 spe
152 3320 292 3381 evolvere
305 3320 397 3380 volui.
418 3317 485 3378 Iem
500 3318 541 3377 sic
555 3319 727 3394 saepissime
740 3335 788 3376 me
801 3317 955 3394 deceptum
968 3317 1056 3378 sensi.

127 3429 228 3506 Pergo
241 3429 281 3488 ad
295 3427 545 3505 orthographiam,
559 3428 611 3486 ubi
624 3429 695 3487 item
709 3427 780 3487 mihi
793 3445 813 3485 a
825 3427 925 3487 codiee
938 3425 1148 3502 Bembergensi
1166 3433 1212 3484 est

89 3539 275 3599 ordiendum.
297 3535 394 3611 Quem
408 3556 475 3597 eum
488 3537 654 3598 accuratius
674 3537 855 3614 perlustrare
875 3542 905 3595 et
923 3536 1078 3612 explorare
1097 3535 1210 3610 eoepis-

89 3665 160 3721 sem,
174 3657 370 3725 mox'magna
384 3663 532 3707 meseum
550 3646 741 3707 admiratione
754 3645 886 3706 intellexi
903 3645 933 3703 in
953 3662 989 3703 eo
1008 3662 1067 3701 non
1087 3641 1212 3717 vestigia

89 3756 260 3832 antiquioris
275 3755 499 3835 orthographiae
509 3756 643 3829 inveniri,
655 3757 708 3814 sed
718 3762 812 3815 tetam
822 3774 888 3814 eam
901 3755 992 3814 talem
1004 3751 1069 3810 iere
1083 3756 1209 3824 exstare,

35 3920 37 3925 ,
88 3865 208 3939 qualem
221 3865 253 3924 in
266 3865 400 3941 Vergilio
415 3864 543 3941 optimus
557 3865 631 3924 liber
643 3863 940 3935 Medieeus‘exhibet,
959 3862 1138 3923 illustratam
1151 3879 1209 3921 nu·

90 3992 141 4049 per
150 3975 355 4036 dissertatione
365 3972 617 4051 praestantissima
627 3970 828 4048 aPhilippo
838 3969 1021 4048 Wagnero
1034 3988 1112 4041 meo,
1128 3969 1211 4030 errius

92 4093 257 4145 securatam
272 4091 496 4162 promptamque
510 4081 684 4152 doctrinam,
704 4080 730 4139 si
750 4099 809 4141 non
822 4080 933 4141 dudum
951 4100 989 4141 ex
1008 4097 1067 4155 quo
1081 4087 1211 4156 tempore
1239 4071 1247 4078 ’
