2714 4710
354 293 425 337 nm.
441 292 477 338 n.
507 292 585 339 cnr.
602 292 780 340 arv-nvn
809 292 907 340 sacr.
922 295 1012 339 aar
1178 279 1237 342 159

111 441 318 508 accenditur.
362 441 503 507 Volnera
536 443 774 509 firhninatorum
807 443 974 530 frigidiora
1005 458 1081 507 sunt
1114 445 1238 529 reliquo

113 565 264 629 corpore.

162 643 238 709 LV.
271 644 323 708 56.
352 643 406 707 Ex
434 643 474 708 iis
495 665 578 726 quae
601 654 685 708 terra
705 643 882 730 gignuntur
903 644 983 708 lauri
1006 643 1154 710 fruticem
1176 668 1239 711 non
1254 666 1301 711 tto

111 745 177 809 icit
198 767 260 809 uec
280 765 433 828 umquam
455 743 597 826 quinque
619 744 714 809 altius
727 744 865 828 pedibus
879 744 1047 809 descendit
1061 745 1097 809 in
1113 760 1239 811 terram.

111 845 199 911 Ideo
220 844 330 930 pavidi
352 843 473 909 altioris
494 866 612 928 specus
634 845 807 909 tutissimos
828 856 943 928 putant
957 856 1013 909 aut
1035 846 1239 912 tabernacula

112 945 257 1032 pellibus
285 945 453 1010 beluarum
482 966 564 1028 quas
591 945 707 1010 vitulos
728 946 902 1030 appellant,
931 945 1083 1028 quoniam
1102 947 1163 1012 hoc
1185 970 1237 1012 so·

112 1048 188 1111 lum
208 1045 326 1111 animal
347 1068 365 1111 e
386 1045 517 1110 marinis
537 1067 600 1111 non
627 1044 795 1130 percutiat,
824 1045 908 1110 sicut
932 1068 993 1111 nec
1015 1069 1033 1111 e
1054 1048 1238 1114 volucribus

112 1147 270 1229 aquilam,
291 1168 376 1230 quae
397 1145 440 1210 ob
460 1145 521 1210 hoc
542 1144 701 1233 armigera
720 1145 816 1211 huius
839 1147 893 1210 teli
914 1147 1057 1234 fingitur.
1083 1147 1237 1213 ln‘ltalia

111 1248 203 1311 inter
223 1245 428 1311 Tarracinam
450 1259 484 1310 et
508 1247 621 1311 aedem
643 1246 801 1310 Feroniae
830 1260 934 1312 turres
960 1247 1083 1313 bellicis
1112 1262 1236 1334 tempo·

111 1348 209 1412 ribus
231 1347 355 1411 desiere
375 1346 455 1425 fieri,
478 1347 565 1411 nulla
586 1371 649 1412 non
672 1371 782 1412 earum
804 1348 938 1414 fulmine
961 1349 1078 1414 diruta.

160 1445 252 1512 LVI.
287 1449 338 1513 57.
361 1447 495 1512 Praeter
516 1448 596 1512 haec
617 1449 651 1511 in
672 1447 822 1514 inferiore
845 1451 934 1514 caelo
955 1450 1093 1515 relatum
1112 1449 1144 1513 in
1166 1474 1235 1515 mo·
1251 1468 1298 1514 1⁴7

111 1557 271 1613 numenta
292 1560 343 1612 est
362 1547 445 1612 lacte
467 1559 500 1612 et
521 1548 676 1634 sanguine
698 1549 842 1632 pluvisse
855 1547 915 1612 M'.
932 1548 1038 1613 Acilio
1059 1548 1097 1613 C.
1119 1549 1237 1614 Porcio

112 1669 202 1713 coss.
226 1658 259 1714 et
280 1670 377 1732 saepe
398 1646 487 1726 alias,
509 1647 594 1713 sicut
614 1670 712 1712 carne
733 1647 772 1711 P.
794 1646 966 1713 Volumnio
988 1645 1102 1712 Servio
1124 1647 1236 1734 Sulpi-

112 1749 171 1813 cio
191 1770 270 1813 coss.
293 1770 398 1831 exque
419 1771 457 1814 ea
478 1772 543 1814 uon
564 1750 726 1833 putruisse
741 1748 828 1832 quod
841 1771 905 1813 non
920 1747 1129 1830 diripuissent
1143 1771 1235 1826 aves3

110 1850 196 1915 item
216 1849 300 1914 ferro
321 1848 355 1912 in
375 1848 517 1914 Lucanis
539 1872 622 1913 anuo
644 1859 816 1932 antequam
836 1846 885 1912 M.
907 1845 1046 1912 Crassus
1067 1871 1087 1911 a
1107 1846 1235 1914 Parthis

109 1951 327 2035 interemptus
353 1961 403 2015 est
427 1972 601 2033 omnesque
630 1973 703 2014 cum
733 1973 770 2015 eo
791 1947 917 2015 Lucani
943 1949 1071 2027 milites,
1099 1972 1234 2035 quorum

109 2071 253 2136 magnus
283 2073 437 2116 numerus
476 2052 510 2115 in
543 2050 685 2116 exercitu
720 2063 803 2128 erat3
845 2050 971 2137 effigies
1012 2072 1094 2134 quae
1130 2053 1232 2138 pluvit

110 2172 334 2238 spongearum
354 2151 423 2217 fere
445 2152 555 2216 similis
577 2152 649 2229 fuit,
677 2151 861 2236 haruspices
887 2165 1155 2238 praemonucrtmt
1177 2176 1233 2218 su-

108 2273 218 2338 perna
237 2252 377 2317 volnera.
407 2251 449 2315 L.
471 2263 578 2317 autem
599 2252 702 2318 Paulo
725 2251 764 2316 C.
786 2251 941 2319 Marcello
963 2275 1043 2318 coss.
1066 2254 1140 2317 lana
1159 2254 1233 2338 plu-

109 2353 165 2417 vit
194 2351 280 2463 qirca
308 2354 475 2419 castellum
501 2352 733 2438 Compsanum,
769 2353 860 2417 iuxta
894 2352 979 2434 quod
1013 2362 1087 2436 post
1116 2374 1234 2414 annum

110 2559 166 2609 3¹.
188 2556 287 2607 animal
308 2574 347 2619 ex,
365 2554 476 2622 ad'str.
495 2599 526 2607 ..
547 2561 591 2616 ab,
609 2559 633 2605 d.
653 2598 683 2605 ..
703 2551 1005 2621 armr'pera,RSTBa‹l.
1030 2557 1148 2620 armiper,
1166 2557 1232 2607 Βοὴ.

110 2621 143 2687 β.
164 2666 195 2675 ..
215 2623 335 2689 tela,B¹.
354 2665 386 2674 ..
409 2624 587 2684 Tarracinam,
599 2625 671 2672 R2d.
694 2621 868 2680 Terracinam,
886 2639 930 2689 ογ.
954 2622 1123 2685 Terracinam,
1142 2619 1170 2674 θ.
1190 2641 1232 2674 ra·

112 2692 208 2751 cinam,
224 2691 273 2742 13¹.
291 2732 323 2741 ..
341 2690 466 2740 Feroniae
484 2700 579 2751 turrea,
594 2692 638 2740 ad.
656 2689 768 2739 Feronia
785 2700 809 2738 et
828 2692 914 2752 urbes,
932 2692 964 2742 R.
986 2691 1121 2743 Feroniam
1140 2701 1232 2749 turres,

114 2751 144 2808 θ.
160 2799 192 2807 -
211 2756 321 2819 bellicen,
338 2758 370 2808 B.
385 2799 417 2807 ..
436 2757 509 2806 nulla
527 2774 581 2817 tran,
599 2759 666 2808 Rad
685 2758 771 2819 (codd.
790 2756 894 2818 Gelan.)
913 2760 975 2822 quia
994 2757 1141 2818 nonnullae,
1159 2775 1179 2807 r.
1202 2799 1230 2807 ..

115 2834 208 2939 lima,
225 2825 274 2875 13¹.
285 2865 318 2874 -
322 2823 445 2889 fulmina,
463 2825 512 2874 R1.
526 2865 558 2873 ..
571 2824 668 2886 diruta,
685 2827 710 2874 R
721 2828 770 2874 'ad
788 2826 874 2888 (codd.
891 2823 995 2887 Gcleu.)
1016 2825 1106 2874 diruta
1123 2833 1169 2887 est,
1181 2826 1231 2874 3².

137 2891 221 2941 iratae
244 2908 266 2942 r.

150 2961 167 3023 ς
185 2927 242 3008 Ml.
267 2959 294 3008 in
311 2957 434 3023 inferiore
452 2957 529 3017 caelo,
546 2959 596 3007 ΒΞ.
620 2958 739 3022 inferiore
756 2957 835 3019 caelo,
852 2953 993 3020 R‘adssy.
1013 2957 1102 3007 Omitt.
1115 2973 1128 3003 r
1140 2953 1232 3016 (Βοὴ.)

121 3065 152 3073 -
168 3034 331 3084 monumenta,
346 3025 373 3074 R
390 3023 481 3087 (Rob.)
499 3035 658 3083 monumento,
677 3026 728 3074 Td.
747 3032 932 3078 monumentum,
945 3040 969 3072 a.
982 3021 1153 3079 monumentis,
1165 3038 1184 3069 r.
1201 3062 1226 3070 -

123 3088 192 3153 laete,
210 3092 304 3141 But.
323 3090 397 3152 laete,
414 3093 464 3142 Re
492 3090 588 3142 caelum
610 3089 688 3150 lacte,
710 3087 831 3152 rfflob.)
852 3130 882 3138 -
904 3088 1033 3152 pluvisse,
1051 3089 1104 3138 Ra.
1124 3087 1231 3151 pluisse,

123 3154 188 3223 οβγ.
205 3158 265 3209 Vid.
277 3159 409 3209 Drakenb.
428 3160 460 3208 ed
472 3157 527 3207 Liv.
542 3163 564 3219 l,
582 3162 665 3206 31...
683 3155 740 3216 M’.,
759 3157 835 3218 Pigh.
854 3170 912 3204 nnn.
931 3161 1025 3214 3‚104.
1044 3152 1230 3218 Μ,,Βο<1σβ.

127 3223 259 3287 -.acilia
280 3226 354 3276 1320.
377 3225 472 3286 Atilio,
490 3225 613 3275 R¹Tad
636 3221 741 3283 Aratio,
762 3215 789 3272 θ,
815 3263 842 3271 -
868 3223 934 3272 sieut
956 3238 1045 3282 cartre,
1067 3216 1229 3273 RTOKau.

129 3304 194 3339 carne
215 3292 297 3353 sieut,
323 3289 353 3354 β.
376 3308 465 3351 earne,
487 3291 553 3341 Βοὴ.
573 3331 604 3339 ..
626 3288 671 3348 Ρ.,
692 3289 840 3352 Dalccamp.
864 3298 889 3339 ct
913 3290 988 3353 Pigh.
1008 3306 1067 3341 ann.
1087 3295 1109 3350 l,
1129 3294 1185 3340 125.
1205 3300 1231 3340 et

130 3354 247 3409 Drakenb.
265 3360 299 3408 ad
315 3359 371 3408 Lis.
391 3365 415 3418 3,
435 3364 473 3407 to.
493 3358 653 3408 Confirmant
668 3357 720 3405 Ra.
739 3355 778 3415 L,
800 3350 925 3418 θΚοᾱβ.
945 3399 976 3406 ..
996 3373 1100 3420 easque,
1118 3358 1227 3407 Βοὴ.-

132 3423 253 3486 putruisse,
276 3427 350 3476 Tad.
366 3425 551 3488 perputruisse,
571 3420 643 3474 Ber
660 3421 753 3486 (Βοὴ.)
774 3424 894 3474 Ceterum
917 3425 949 3473 ad
967 3425 1031 3474 hacc
1048 3425 1126 3474 verba
1148 3425 1230 3489 expli-

134 3491 201 3541 unda
221 3492 381 3541 adhibendus
402 3492 491 3541 Valer.
513 3493 585 3541 Max.
607 3493 628 3542 I.
652 3497 675 3551 6,
699 3496 721 3542 5.
747 3532 773 3540 -
802 3507 878 3554 quae,
900 3492 966 3541 Βοὴ.
986 3534 1017 3541 -
1035 3494 1152 3554 itemque,
1175 3495 1228 3542 Td.

137 3590 159 3603 ,
177 3557 214 3620 in,
235 3558 343 3609 B²a²d
362 3556 453 3621 (Βοὴ.)
475 3576 500 3619 a,
521 3559 608 3608 3¹2¹.
638 3601 669 3609 ..
697 3576 715 3607 a
739 3557 860 3618 Parthis,
881 3559 930 3610 Re
961 3576 979 3607 a
999 3557 1102 3618 Partis,
1125 3559 1174 3609 R¹.
1202 3558 1229 3607 r'n

134 3631 218 3686 nomer,
234 3627 276 3674 ι’.
306 3625 333 3674 in
350 3624 467 3682 Parthis,
485 3627 568 3675 Ta²d
588 3624 678 3688 (Rob.)
702 3667 733 3673 -
761 3625 859 3689 pluvit,
884 3626 921 3674 ita
938 3641 983 3674 nos
1001 3626 1154 3689 scripsimus.
1171 3623 1228 3686 pul·

135 3697 201 3750 ”aaa
216 3706 240 3742 a.
263 3691 381 3756 pluerat,
399 3688 427 3753 β.
444 3691 520 3754 plait,
538 3685 633 3742 Reae
651 3689 743 3755 (Rob.)
754 3706 779 3756 γ.
799 3735 830 3742 ..
842 3692 921 3757 ferri,
939 3693 1043 3742 R'l'ed.
1058 3694 1144 3755 serra,
1162 3691 1227 3740 Βοὴ.

132 3747 221 3807 Remu
236 3759 340 3822 quidem
357 3759 492 3808 lectionem
510 3761 649 3821 vulgatam,
671 3761 715 3809 sed
732 3775 851 3822 magnam
869 3761 896 3808 in
913 3759 964 3808 hoc
981 3760 1038 3807 loco
1057 3759 1228 3821 corruptelam

132 3826 178 3871 ette
199 3837 295 3875 censeo.
333 3826 452 3875 Produnt
478 3840 534 3874 eam
560 3835 585 3875 et
610 3827 654 3876 illa
679 3829 735 3891 ipsa
759 3827 869 3875 varietas
894 3826 1010 3878 lectionis
1032 3835 1057 3873 et
1080 3825 1156 3875 totins
1177 3826 1228 3874 loci

130 3890 245 3940 ttructma
263 3908 368 3956 prorsus
385 3892 500 3940 elumbis.
529 3893 662 3956 Asyndeta
679 3893 798 3942 Pliniana
815 3893 892 3954 longe
909 3893 974 3940 alius
991 3900 1051 3940 sunt
1067 3893 1175 3954 generis.
1195 3934 1224 3942 -

127 3961 333 4020 praemonuerunt,
351 3953 512 4010 RSTOaar
529 3957 620 4019 (Βοὴ.)
638 3957 753 4009 cavenda
771 3966 987 4020 praemonuerunt,
1007 3955 1035 4020 β.
1058 4000 1089 4007 -
1111 3957 1228 4007 Marcel.

130 4007 188 4082 (ϋηο,
198 4025 219 4074 d.
236 4025 404 4088 Marcellino,
422 4027 467 4075 Ra
484 4023 575 4088 (Βοὴ.)
588 4066 619 4074 -
635 4024 732 4089 pluvit,
750 4027 786 4074 ita
797 4040 843 4073 nos
855 4025 1006 4087 scripsimus.
1016 4024 1092 4089 pluit,
1103 4023 1227 4091 Radfir.

132 4116 159 4129 s
180 4085 343 4156 Compsanum,
361 4094 398 4142 ita
409 4109 455 4143 uos
464 4093 617 4155 scripsimus.
639 4089 791 4155 Capuanum,
804 4092 852 4141 ΒΞ,
873 4089 1047 4154 Carissanum,
1060 4089 1130 4155 οβγ,
1152 4090 1227 4142 Cari-

131 4160 214 4217 (ΨΜ,
232 4162 301 4211 R'd.
327 4157 482 4225 Carifanum,
503 4161 606 4211 Robert.
633 4161 693 4208 Vid.
711 4160 779 4208 Vell.
798 4164 821 4210 2.
843 4166 882 4210 68.
904 4159 988 4222 ibique
1009 4162 1088 4209 Kritz.
1112 4201 1142 4209 -
1165 4169 1227 4224 port,

134 4219 206 4271 ‘’mitt
216 4229 242 4274 a'
260 4225 389 4290 (Robert.)
409 4268 439 4275 -
458 4242 554 4288 annam,
571 4228 671 4277 R²a²d
688 4224 818 4288 (Robert.)
843 4227 930 4279 Omitt.
944 4228 968 4276 R
979 4230 1006 4277 'a
1015 4231 1021 4260 ¹
1031 4221 1059 4287 θ,
1072 4241 1139 4288 casu,
1151 4238 1180 4275 ut
1190 4228 1228 4272 vi·
