2714 4710
133 310 230 356 XXXII
599 309 787 353 runnrlrlo.
886 376 889 381 Ι

133 466 172 523 ad
199 462 248 539 12,
274 462 326 526 44.
353 458 432 546 52),
451 465 488 522 de
510 481 655 539 quocum
673 481 733 522 non
754 463 826 522 satis
845 467 968 534 constet,
994 463 1084 522 Plinii
1101 481 1140 522 an
1161 464 1258 527 Solini

133 575 227 634 oodex
250 574 288 632 sit
306 573 528 650 intelligendus,
553 579 587 632 ut
605 581 704 631 tamen
729 572 766 631 de
784 569 884 630 Plinio
908 571 1086 646 cogitemus,
1110 575 1258 651 posterior

132 685 215 743 locus
236 684 315 743 lacit.
344 684 381 742 In
400 682 570 742 universum
591 700 664 741 vero
684 688 753 740 sunt
770 681 899 741 notanda
918 682 992 740 11111
1006 680 1144 742 Salmasii
1156 702 1256 744 exero.

130 813 161 871 p.
178 789 250 854 755.
265 795 371 852 verba:
388 811 485 869 „quae
500 792 628 852 vidimus
642 791 824 866 exemplaria
837 791 1034 867 posteriorum
1052 791 1142 853 Plinii
1161 792 1256 852 libro-

130 920 209 976 rum,
223 903 386 961 recentiora
398 901 510 960 luere.'’

173 1012 309 1072 Incertus
323 1014 440 1084 haereo,
455 1012 526 1088 quid
540 1012 635 1071 dicam
649 1012 686 1069 de
701 1029 736 1069 eo
751 1012 851 1070 codice
865 1010 971 1083 Plinii,
986 1029 1074 1086 quem
1087 1013 1224 1073 Budaeus
1237 1032 1258 1072 1

131 1121 232 1198 Stupet
241 1121 271 1180 in
282 1122 407 1180 editione
418 1121 615 1198 Theophrasti
625 1122 762 1179 historiae
772 1122 940 1197 plantarum
950 1139 1027 1179 anno
1040 1116 1133 1180 1644.
1146 1123 1258 1181 emissa

131 1232 379 1291 commemoravit.
407 1228 486 1289 Nam
500 1250 567 1293 cum
582 1229 738 1305 aliquoties
752 1230 905 1305 antiquum
919 1229 1009 1289 Plinii
1024 1230 1154 1289 oodieem
1168 1248 1254 1289 com·

130 1351 273 1400 memoret
287 1335 332 1420 (p.
348 1337 400 1400 23.
415 1342 453 1398 ad
467 1341 547 1398 Plin.
563 1336 614 1412 16,
631 1335 714 1410 186,
729 1359 759 1414 p.
775 1335 826 1398 98.
843 1335 893 1397 99.
909 1339 948 1396 ad
960 1337 1040 1397 Plin.
1053 1334 1104 1411 13,
1116 1335 1168 1401 28.
1184 1334 1256 1421 29.)

130 1469 255 1527 eumque
264 1451 412 1510 Venetum
422 1450 499 1508 dicat
509 1443 555 1530 (p.
571 1445 622 1507 24.
637 1449 674 1506 ad
688 1447 768 1506 Plin.
780 1444 832 1520 22,
848 1445 910 1520 97,
925 1467 956 1524 p.
969 1444 1041 1507 187.
1055 1448 1094 1506 ad
1107 1446 1187 1508 Plin.
1199 1444 1253 1522 15,

133 1554 233 1640 134),
253 1561 323 1636 quin
349 1561 422 1618 adeo
447 1559 681 1634 antiquissimum
707 1557 854 1615 Veretum
881 1551 926 1636 (p.
951 1553 1022 1616 184.
1042 1558 1081 1615 ad
1099 1555 1180 1617 Plin.
1201 1554 1256 1630 16,

132 1663 211 1751 66),
225 1688 330 1728 rursus
344 1688 374 1745 p.
390 1663 463 1729 201.
479 1670 587 1727 diserte
602 1668 639 1725 de
659 1666 859 1742 antiquissima
876 1665 994 1725 Veneta
1012 1665 1137 1725 editione
1155 1667 1254 1742 loqui-

129 1787 190 1851 tur,
206 1785 240 1836 ut
253 1779 379 1837 nesciam
394 1796 432 1836 en
445 1777 496 1836 ille
516 1778 609 1836 codex
630 1776 745 1853 saepius
763 1775 903 1834 laudatus
921 1793 981 1836 non
1002 1777 1040 1835 sit
1059 1776 1193 1835 diversus
1213 1778 1255 1835 ab

131 1888 255 1946 editione
268 1886 394 1945 Veneta.

173 1998 281 2055 Postea
300 1998 351 2073 qui
369 2003 483 2073 partem
504 2004 581 2056 certe
600 1997 742 2055 naturalis
761 1997 900 2055 historiae
922 1997 953 2055 in
971 1997 1094 2055 editione
1111 1995 1251 2057 Ileideusi

130 2108 203 2167 anni
218 2102 310 2165 1669.
326 2107 450 2182 egregiis
463 2106 602 2164 instruxit
615 2104 843 2178 commentariis,
858 2108 979 2165 Ioannes
990 2107 1160 2164 Frt'derieus
1173 2103 1254 2164 Gro-

130 2221 239 2290 novius,
254 2216 309 2274 hos
324 2217 362 2274 ad
376 2215 599 2273 conscribendos
613 2221 728 2291 praeter
741 2215 921 2273 Vossianum
937 2212 1005 2291 (V),
1026 2216 1062 2272 de
1083 2233 1142 2288 quo
1161 2230 1255 2290 supra

130 2327 309 2398 dictumest,
325 2333 464 2400 quattuor
478 2325 603 2383 eliorum
618 2324 749 2383 codicum
764 2325 908 2400 excerptis
924 2331 969 2381 est
982 2342 1064 2396 usus,
1079 2324 1254 2382 Academici

130 2431 191 2517 (d),
206 2435 431 2511 Andegavensis
446 2428 510 2514 (6),
527 2432 656 2492 Gudiani
672 2431 727 2511 (ρ),
742 2433 910 2510 Menapiani
921 2425 987 2511 (φ).
1009 2431 1050 2490 Ilt
1059 2426 1253 2493 Academicus

128 2547 244 2622 quidem
255 2545 364 2602 Leidae
376 2553 508 2603 servatus
520 2561 630 2614 omnes,
642 2548 676 2600 ut
686 2543 811 2614 videtur,
824 2543 915 2601 libros
927 2542 1075 2615 continuit,
1091 2559 1158 2599 oum
1169 2539 1251 2601 Gro-

128 2655 232 2714 novius
247 2654 308 2711 eius
323 2653 493 2711 auctoritate
507 2660 536 2710 et
550 2654 587 2710 ad
600 2652 707 2709 librum
720 2650 793 2708 VH.
809 2657 839 2708 et
852 2651 889 2708 ad
904 2649 1058 2708 XXXVI.
1078 2656 1179 2708 utatur
1199 2647 1248 2730 (v.

128 2762 261 2823 Gronov.
277 2763 314 2820 ad
327 2761 465 2818 XXXV.
481 2755 544 2840 8.);
571 2760 794 2836 Andequveusr's,
813 2769 915 2837 postea
934 2759 1110 2832 Vossianus,
1130 2759 1189 2816 iam
1208 2761 1251 2819 ad

126 2872 234 2931 librum
254 2872 326 2943 XL,
350 2890 369 2928 a
388 2868 541 2929 Gronovio
565 2870 596 2937 in
621 2866 822 2941 „inserendis”
849 2870 886 2926 ad
910 2869 1002 2927 XXI.
1030 2866 1079 2928 12.
1098 2869 1250 2928 laudabor.
1290 2849 1295 2859 .

125 2982 243 3041 Desinit
255 2981 316 3040 iere
330 3001 397 3040 cum
410 2981 468 3038 fine
481 2979 549 3038 libri
562 2978 718 3050 XXXH.;
738 3000 766 3038 v.
783 2977 916 3038 Gronov.
932 2980 970 3037 ad
991 2978 1143 3037 XXVIII.
1160 2998 1185 3037 1.
1201 2973 1248 3050 5.,

125 3092 177 3167 qui
190 3110 314 3166 magnes
329 3091 441 3164 aliquot
454 3091 485 3148 in
499 3108 534 3147 eo
547 3089 667 3147 lacunas
688 3090 811 3161 notavit,
833 3106 940 3162 easque
959 3107 977 3145 a
997 3089 1055 3146 fine
1072 3088 1141 3146 libri
1153 3087 1248 3147 XXI.
1295 3170 1299 3175 1
1349 3131 1353 3137 -

125 3219 151 3259 1.
172 3197 221 3259 12.
243 3218 337 3275 usque
356 3201 394 3257 ad
413 3198 479 3257 libri
497 3197 605 3257 XXII.
625 3217 652 3256 1.
674 3195 725 3257 22.
732 3240 742 3270 ‚
761 3197 864 3257 deinde
882 3198 913 3256 in
931 3197 999 3255 libri
1019 3197 1140 3255 XXIII.
1167 3215 1193 3255 1.
1214 3193 1246 3255 1.
1300 3196 1306 3203 “

123 3302 252 3388 (reliqua
267 3311 297 3366 iu
311 3327 452 3366 1111111111
466 3310 596 3366 dicentur
609 3324 703 3382 usque
717 3307 755 3365 ad
770 3310 864 3365 verba
875 3310 964 3366 oculis
978 3325 1088 3383 quoque
1102 3286 1151 3365 illo
1163 3308 1248 3365 modo

124 3394 801 3492 111αό111111,1111111111111111111111111
820 3417 915 3474 denuo
937 3416 1062 3483 scribere
1080 3413 1246 3489 instituit);
1340 3451 1343 3455 ·

54 3567 64 3581 .
124 3532 188 3584 tum
209 3524 363 3582 XXVIII.
386 3542 411 3582 1.
433 3522 462 3583 7.
483 3527 559 3582 sistit
580 3526 648 3582 odor
666 3528 782 3599 quatior
803 3528 841 3584 ait
860 3535 891 3584 ut
906 3529 956 3602 ple
977 3542 1071 3599 usque
1090 3525 1129 3583 ad
1149 3519 1245 3583 1.11.
1342 3532 1346 3536 “

123 3645 297 3695 contractum
316 3644 348 3691 ut
366 3635 511 3709 confestim
529 3635 686 3692 colluantur
707 3638 790 3702 utn03
818 3635 860 3693 sic
880 3636 958 3692 enim
977 3634 1131 3708 utrobique
1143 3633 1247 3692 habet.

124 3724 240 3803 Iteruni
256 3744 353 3803 deficit
371 3742 479 3800 XXX.
501 3761 526 3800 c.
549 3738 598 3800 12.
618 3744 715 3802 tubero
735 3754 761 3802 et
781 3763 963 3819 quaecuuque
990 3746 1096 3801 mollIri
1115 3762 1187 3820 opus
1205 3747 1248 3803 sit

124 3855 242 3928 efficacis
256 3852 401 3927 usquead
417 3869 441 3908 1.
458 3847 508 3910 13.
523 3855 613 3911 murts
632 3872 695 3911 1111
716 3856 794 3911 melle
813 3863 864 3912 out
884 3873 949 3912 eum
968 3855 1102 3912 11111111
1117 3861 1247 3911 terreno·

124 3980 189 4022 1111
204 3963 256 4038 qui
269 3972 296 4020 et
310 3980 376 4021 oasa
390 3963 524 4020 ratrahit.
547 3961 653 4020 Denuo
667 3963 773 4020 lacuna
785 3961 807 4020 l.
830 3961 954 4020 XXXI.
975 3958 1005 4021 3.
1019 3964 1176 4039 fodiuntur
1193 3981 1247 4022 11·

125 4073 238 4131 etruria
253 4090 325 4146 quoe
343 4091 398 4148 qru
416 4090 510 4146 usque
530 4072 566 4128 ud
583 4089 607 4129 1.
629 4068 658 4130 6.
672 4074 778 4149 secisse
789 4082 856 4148 port
870 4075 1044 4130 consulatum
1058 4075 1247 4130 memiuimus.

124 4177 191 4273 Nisi
211 4180 309 4238 omnia
326 4180 448 4253 fallunt,
469 4182 546 4239 idem
564 4188 609 4239 est
630 4183 732 4252 codex,
748 4182 799 4256 qui
816 4200 893 4240 nuno
906 4181 936 4240 in
951 4182 1085 4258 catalogo
1099 4181 1246 4242 librorum
