2714 4710
147 279 208 349 138
493 296 697 348 carcaram
719 296 915 347 merosus

146 451 251 518 tillans
278 452 506 518 transcucurrit
532 450 606 516 solis
633 473 748 515 occasu
773 449 814 514 1..
837 448 965 515 Valerio
991 445 1031 512 C.
1053 445 1161 513 Murio
1189 470 1262 514 con-
1318 439 1320 443 ’

146 552 279 617 sulibue.

188 650 342 719 XXXV.
379 654 431 719 35.
459 650 637 718 Scintillam
664 674 682 716 e
708 653 800 719 stella
826 651 942 716 cadere
964 661 997 715 et
1022 649 1134 736 augeri
1163 660 1265 714 terrae

147 753 455 840 adpropinquantem
477 776 514 819 ac
541 765 711 840 postquam
736 755 833 818 lunae
860 750 1082 838 magnitudine
1109 750 1198 817 facta
1224 750 1267 816 sit

146 854 299 920 inluxisse
321 879 382 923 ceu
402 856 511 923 nubilo
532 856 606 933 die,
634 855 710 920 dein
736 877 810 921 oum
838 854 873 919 in
900 855 1024 921 caelum
1051 874 1087 918 se
1107 850 1267 938 reciperet

145 955 326 1040 lampadem
358 957 498 1034 factam,
537 956 636 1020 semel
667 977 818 1040 umquam
850 954 997 1039 proditur
1028 950 1091 1018 Cn.
1125 949 1267 1017 Octavio

148 1052 188 1121 C.
221 1053 388 1122 Scribonio
418 1056 610 1122 consulibus.
653 1055 747 1120 Vidit
773 1054 809 1118 id
838 1051 968 1121 Silanus
994 1053 1168 1141 proconsul
1192 1074 1267 1118 cum

147 1157 301 1223 comitatu
323 1181 390 1223 suc.

166 1256 361 1324 XXXVI.
393 1259 445 1322 36.
467 1256 555 1322 Fieri
577 1256 729 1321 videntur
751 1267 785 1320 et
806 1256 970 1321 discursus
990 1254 1155 1320 stellamm
1171 1276 1267 1319 num-

147 1379 245 1442 quam
266 1370 396 1437 temere,
418 1369 539 1422 utnon
562 1379 602 1422 ex
624 1378 662 1421 ea
682 1366 774 1441 parte
798 1367 903 1421 truces
925 1355 1013 1421 venti
1034 1355 1226 1422 coorientur.

189 1456 378 1525 XXXVII.
411 1459 462 1522 37.
485 1457 657 1522 Exsistunt
671 1457 781 1522 stellae
795 1469 829 1521 et
843 1457 878 1520 in
897 1457 977 1521 mari
998 1457 1167 1540 terrisque.
1189 1454 1269 1520 Vidi
1284 1473 1327 1518 101

148 1559 312 1625 nocturnis
333 1559 471 1624 militum
491 1558 610 1646 vigiliis
630 1558 795 1623 inhaerere
808 1558 896 1644 ,pitis
920 1580 980 1643 pro
1001 1559 1085 1624 vallo
1105 1557 1271 1645 fulgorem

149 1659 258 1746 effigie
274 1682 323 1739 ea,
345 1670 379 1725 et
397 1659 554 1724 antemnis
575 1659 796 1747 navigantium
817 1659 950 1745 aliisque
970 1659 1101 1724 navium
1121 1657 1270 1745 partibus

150 1783 211 1826 ceu
231 1760 333 1825 vocali
354 1759 494 1844 quodam
516 1782 593 1825 sono
613 1760 766 1824 insistunt
785 1770 824 1824 ut
842 1760 989 1825 volucres
1010 1761 1120 1825 sedem
1137 1782 1179 1826 ex
1192 1758 1271 1824 sede

149 1870 310 1924 mutantes
317 1885 327 1937 ;
349 1882 487 1946 gravem
511 1883 584 1924 cum
606 1860 763 1926 solitariae
786 1883 920 1939 venere,
942 1872 1189 1948 mergentesque
1209 1882 1270 1924 na·

150 1959 239 2046 rigia
264 1970 296 2023 et
325 1959 352 2022 si
379 1960 414 2023 in
441 1961 566 2025 carinae
590 1961 655 2023 ima
676 1960 874 2039 deciderint,
905 1972 1093 2041 exurentcs3
1122 1961 1271 2050 geminae

150 2070 259 2124 autem
280 2060 435 2124 salutares
457 2071 491 2124 et
510 2061 655 2148 prosperi
677 2083 791 2125 cursus
811 2063 1030 2147 praenuntiae,
1053 2084 1190 2146 quarum
1211 2061 1271 2126 ad-

151 2171 250 2228 ventu
263 2161 371 2249 fugari
385 2162 486 2225 diram
507 2161 594 2227 illam
614 2183 653 2226 ac
673 2161 830 2227 minacem
843 2163 1098 2248 appellatamque
1111 2163 1273 2229 Helenam

152 2263 271 2328 ferunt.
307 2261 352 2327 Et
385 2263 426 2328 ob
457 2261 492 2325 id
517 2260 642 2326 Polluci
674 2272 707 2327 et
735 2252 864 2326 Castori
892 2262 927 2327 id
954 2285 1070 2328 nomen
1098 2262 1274 2352 adsignant

153 2387 273 2448 eosque
294 2364 329 2428 in
349 2365 430 2429 mari
451 2364 530 2430 deos
550 2363 710 2429 invocant.
739 2361 916 2428 Hominum
937 2385 1065 2448 quoque
1086 2364 1194 2451 capita
1213 2387 1273 2430 ve·

154 2465 305 2552 spertinis
326 2489 443 2554 magno
464 2465 633 2552 praesagio
655 2464 916 2552 circumfulgent3
950 2465 1057 2529 omnia
1076 2465 1200 2531 ineerta
1220 2486 1274 2530 ra-

157 2566 242 2630 tione
266 2576 298 2629 et
318 2566 352 2629 in
373 2577 506 2630 naturae
528 2566 692 2630 maiestate
714 2564 833 2630 abdita.
941 2620 944 2627 ,

197 2664 403 2730 XXXVIII.
440 2666 492 2730 38.
521 2664 691 2731 Hactenus
718 2665 761 2730 de
789 2666 908 2731 mundo
934 2666 1005 2754 ipso
1032 2668 1335 2753 sideribusque31n

192 2899 386 2959 transcucurrit,
406 2897 509 2951 BTad.
539 2898 702 2959 transcurrit,
722 2900 744 2948 P
767 2896 898 2962 (Robert.)
914 2895 943 2962 β.
967 2939 999 2948 ..
1022 2916 1146 2961 masura,
1165 2901 1219 2950 Po.
1243 2941 1275 2950 ..

156 2986 170 3028 e
190 2965 276 3029 stella,
295 2967 361 3017 Pad
377 2963 516 3029 (Robert.)
545 2963 672 3026 astella,
692 2966 724 3017 R.
760 2974 784 3014 et
804 2963 914 3028 stellam,
940 2967 971 3016 Τ.
999 3007 1030 3016 ..
1056 2967 1128 3017 lunae
1153 2968 1276 3032 nequitu·

158 3033 227 3096 cline,
248 3038 286 3085 ad
302 3033 387 3096 (codd.
405 3032 527 3095 Gelenii.)
558 3031 630 3082 lanae
651 3031 858 3096 magnitudinem,
878 3036 910 3085 Β.
937 3035 963 3084 in
980 3031 1054 3083 lunae
1074 3031 1276 3098 magnitudinem,

156 3104 203 3152 Pr.
223 3141 254 3152 ..
269 3104 346 3164 facte,
357 3104 382 3153 R
392 3105 407 3151 ¹.
428 3143 459 3151 ..
479 3099 611 3161 illussisse,
624 3103 648 3151 d.
662 3140 693 3150 ..
707 3098 756 3162 die,
769 3092 961 3152 R'rol’acrr
970 3098 1103 3164 (Robert.)
1121 3099 1183 3163 diei,
1194 3096 1225 3164 β
1244 3141 1275 3152 .-

156 3168 254 3230 deinde,
266 3170 295 3218 P.
314 3211 345 3219 -
364 3186 418 3218 cum
429 3167 506 3229 caelo,
517 3169 620 3220 Robert.
633 3208 665 3217 ..
677 3167 806 3231 receperit,
818 3169 848 3219 P.
861 3209 893 3218 ...
911 3184 1043 3232 nunquam,
1055 3169 1085 3218 P.
1100 3208 1132 3218 ...
1154 3166 1189 3230 0.,
1202 3170 1276 3219 Rad.

159 3234 277 3296 Claudio,
288 3237 318 3286 Ρ.
338 3276 369 3283 -
388 3234 423 3296 id,
435 3236 537 3286 RPST
547 3228 606 3284 dar
617 3231 747 3296 (Robert.)
766 3232 817 3295 loe,
830 3231 902 3300 dssr.
922 3235 980 3286 Om.
992 3236 1093 3286 Richel.
1112 3276 1144 3285 ..
1163 3231 1276 3296 Silanae,

156 3303 233 3365 Pigh.
246 3302 329 3352 annal.
343 3307 366 3362 3,
378 3307 437 3351 294.
456 3301 616 3352 Confirmant
627 3303 703 3353 RST
712 3293 734 3348 Θ
739 3304 780 3352 dr.
797 3299 915 3362 Sullanus,
927 3304 1027 3353 Richel.
1050 3302 1143 3364 liunus,
1155 3319 1172 3352 a
1183 3298 1276 3364 (Bab.)

156 3366 274 3429 lucinius,
285 3369 316 3417 P.
333 3367 443 3418 Licinius
456 3365 581 3433 Syllanaa
593 3363 622 3428 β.
642 3409 674 3417 ..
691 3386 751 3429 eam,
763 3371 836 3420 Rad.
856 3369 891 3432 in,
902 3370 932 3419 P.
951 3411 983 3420 -
1001 3386 1097 3429 cursus,
1109 3370 1141 3420 Τ.
1161 3410 1193 3419 ..
1212 3378 1276 3419 tene·

159 3435 193 3496 ri,
205 3437 235 3484 P.
255 3475 286 3483 ..
305 3441 387 3495 ventu,
399 3435 429 3483 P.
448 3474 480 3482 ..
499 3450 546 3497 quo
559 3433 681 3493 oriantur,
693 3437 724 3484 R

193 3501 207 3562 ξ
222 3507 277 3551 101.
296 3499 413 3550 Existunt
429 3498 524 3560 stellae,
540 3501 594 3550 Rd.
617 3498 659 3548 En
674 3497 713 3548 ln's
726 3509 779 3551 tnnc
796 3500 889 3565 stellae,
908 3520 931 3554 a.
957 3501 999 3551 Ea
1015 3500 1057 3551 itis
1073 3513 1130 3552 tune
1143 3501 1276 3568 procellae,

158 3572 221 3628 Phr
232 3566 355 3629 (Robert,
368 3567 476 3618 carbon.
494 3567 579 3616 etalii
595 3582 636 3631 ap.
653 3567 778 3631 Retron.)
794 3570 910 3635 procella,
922 3584 947 3620 a.
966 3611 997 3620 -
1012 3570 1086 3634 pilos,
1098 3571 1128 3621 P.
1149 3610 1180 3620 ...
1191 3570 1276 3637 sulac-

159 3653 217 3699 rem,
233 3640 285 3689 Rd.
300 3633 436 3702 sulpurea,
457 3635 487 3684 P.
507 3632 650 3698 sulpurum,
667 3636 738 3685 Kar.
762 3676 793 3685 ..
816 3637 916 3703 qffiqies.
940 3635 1004 3697 Eae,
1020 3638 1069 3687 Kr.
1094 3678 1125 3686 -
1149 3636 1276 3695 casana,

159 3707 233 3755 Rad.
257 3705 380 3764 antennis,
396 3704 426 3752 P.
452 3741 482 3749 ..
506 3699 591 3752 sedere
609 3717 622 3749 e
642 3702 709 3761 sede,
725 3704 756 3752 P.
779 3745 811 3752 -
835 3703 960 3765 solitarie,
976 3705 1005 3753 P.
1025 3745 1057 3753 ..
1075 3705 1110 3765 in,
1127 3719 1179 3754 om.
1196 3706 1227 3755 P.
1246 3743 1276 3752 -

158 3769 293 3833 decidunt,
313 3773 342 3821 Ρ.
362 3811 393 3818 ..
412 3768 535 3830 salutare,
552 3769 600 3821 3¹.
620 3811 651 3819 -
668 3773 850 3833 praenuntiae,
866 3772 898 3821 R.
917 3773 1034 3832 nursiae,
1052 3772 1153 3822 TPad.
1173 3812 1205 3821 -
1223 3787 1276 3820 eon·

160 3846 242 3897 centu,
261 3839 292 3888 P.
321 3877 351 3887 ..
379 3835 476 3897 duram,
492 3838 522 3887 P.
552 3878 582 3887 ..
608 3836 709 3897 Pollutt',
729 3837 761 3886 R.
790 3877 821 3886 ...
848 3846 872 3887 et
895 3835 1003 3900 Castori,
1023 3839 1077 3888 PR
1096 3834 1124 3899 (e
1144 3837 1224 3901 corr.)
1249 3852 1277 3886 ac

161 3903 273 3967 Castori,
285 3907 308 3954 d.
327 3904 472 3966 accusatori,
489 3921 511 3955 a.
531 3945 563 3954 ..
580 3921 671 3966 nonen,
683 3905 761 3956 RPa.
780 3919 875 3967 numen,
888 3901 959 3968 ᾱβγ.
974 3946 1005 3954 -
1021 3903 1089 3966 deos,
1102 3907 1183 3955 omitt.
1193 3903 1276 3956 ΒΨ.

161 3973 220 4022 deos
238 3973 265 4022 in
277 3974 348 4034 mari,
360 3975 384 4022 d.
403 4013 434 4021 -
451 3983 543 4033 vocam,
557 3971 598 4022 d¹.
616 4014 647 4022 ..
665 3969 805 4032 Nominum,
822 3973 852 4022 P.
871 4012 901 4022 ..
920 3971 1078 4034 uespertinis,
1095 3968 1276 4025 R'PPSa'd'.

162 4038 312 4154 uzspertg'nis
329 4037 407 4101 lteris,
424 4035 552 4105 a²d²ss7.
578 4041 619 4090 Ita
635 4055 710 4103 saepe
726 4037 858 4089 matutinis
873 4040 935 4089 dicit
951 4040 1018 4088 Plin.
1038 4079 1068 4088 ..
1080 4041 1187 4107 fulgent,
1198 4041 1229 4092 P.
1248 4079 1275 4088 .-

160 4123 180 4154 a
196 4122 251 4155 scon
271 4108 316 4168 ita,
327 4108 357 4157 P.

197 4172 283 4234 5102.
301 4173 414 4237 Aetenus,
426 4177 457 4226 R.
477 4216 507 4224 -
527 4172 616 4225 mundo
627 4175 686 4239 ipsc,
699 4175 748 4225 ΗΡ
757 4165 843 4225 Oadr.
868 4173 922 4238 ipsa
933 4174 1029 4235 mundo,
1040 4169 1069 4235 β.
1089 4215 1120 4223 -
1139 4173 1276 4239 syderibus,
