2714 4710
163 301 187 340 11
628 295 816 339 PRAEFATIO·

164 451 274 520 effetis3
301 450 398 526 ipsum
419 448 548 508 Plinium
570 448 810 508 conformandum
831 448 870 507 ad
890 447 1009 522 regulas
1027 447 1236 508 mneritas
1258 457 1289 508 et

163 561 200 619 ad
220 561 301 634 leges
321 568 443 618 naturae
461 577 540 617 novo
554 558 689 634 exemplo
703 559 814 633 pariter
826 558 860 641 *ei
878 557 1066 616 admbmdas.
1092 557 1151 616 His
1169 558 1288 617 demum

163 669 292 746 peractis
313 668 427 746 physici
444 668 590 726 debebant
609 667 832 726 commentarios
852 686 949 725 rerum
964 668 1158 738 conscribere,
1179 667 1288 741 quibus

162 779 284 852 antiqua
308 778 393 836 novis
418 785 640 853 componerent,
666 796 714 835 res
740 777 923 835 obscuriores
947 777 1146 848 illustrarent,
1172 795 1288 836 errores

161 888 253 947 Plinii
271 888 310 945 ad
328 886 409 960 leges
431 886 562 944 veritatis
584 886 741 961 exigerent.
771 886 841 944 Non
859 891 994 944 nostrum
1014 895 1060 944 est
1077 886 1211 963 pluribus
1231 886 1288 945 hoc

162 996 228 1055 loco
248 1014 405 1073 exponere,
431 996 607 1070 quibuscum
627 994 846 1053 difficultatibus
867 996 949 1071 operi
970 995 1012 1053 ita
1034 1005 1169 1072 suscepto
1188 997 1288 1055 confli-

163 1107 301 1165 ctandum
326 1105 446 1176 luisset,
472 1113 502 1162 et
525 1104 687 1176 nescimus,
713 1123 786 1164 num
811 1105 867 1162 viri
892 1104 970 1163 docti
992 1103 1207 1180 Francogallici
1232 1105 1288 1164 sub

161 1213 344 1291 Napoleonis
358 1214 540 1290 immratoris
550 1213 813 1290 Francogallorum
827 1214 975 1290 auspiciis,
990 1212 1135 1273 Strabone
1148 1215 1187 1272 ad
1199 1215 1288 1274 finem

162 1326 314 1400 perducto,
335 1325 373 1382 ad
387 1323 516 1383 Plinium
536 1342 654 1398 quoque
674 1325 817 1383 edendum
836 1324 981 1395 destinati,
1005 1323 1085 1382 cuius
1103 1323 1194 1381 libros
1213 1341 1287 1400 geo·

89 1511 90 1514 Ἴ
163 1435 318 1511 graphicos
333 1433 438 1491 edendi
451 1433 631 1509 provinciam
647 1432 808 1491 Letronnio
822 1435 1027 1492 demandatam
1041 1433 1135 1491 fuisse
1148 1452 1186 1491 ex
1198 1433 1287 1491 huius

162 1543 342 1619 praefatione
360 1541 468 1600 Dicuili
486 1562 516 1617 p.
531 1540 588 1600 IV.
610 1542 750 1617 colligere
772 1542 857 1615 licet,
883 1543 1007 1602 eandem
1027 1543 1106 1602 riam
1128 1542 1287 1618 ingressuri

163 1652 302 1721 iuisseut3
330 1661 408 1711 certe
431 1650 653 1710 Fridericus
679 1651 942 1723 Thierschius,
967 1651 1114 1711 solidioris
1138 1651 1288 1713 (1111111111

162 1761 230 1821 inde
248 1781 286 1820 ex
303 1761 394 1836 longo
413 1768 543 1837 tempore
556 1761 633 1819 inter
646 1759 777 1821 Bavares
792 1761 902 1820 vindex
920 1760 1092 1832 acerrimus,
1113 1779 1180 1819 cum
1199 1768 1290 1831 natue-

163 1889 215 1929 rae
234 1874 411 1928 scrutatores
430 1888 507 1928 anno
526 1877 596 1946 post
608 1869 768 1928 Monaeum
788 1871 993 1929 convenissent
1011 1876 1042 1927 11
1059 1869 1095 1929 (11
1108 1870 1174 1945 ipsa
1185 1889 1219 1931 re
1233 1869 1288 1929 da,

164 1998 224 2039 nuo
249 1978 407 2054 disceptari
431 1984 567 2054 coeptum
592 1986 679 2052 esset,
706 1979 777 2038 dicti
800 1978 940 2038 Hesiodei
964 1981 1039 2040 bene
1063 1997 1186 2050 memor,
1215 1977 1308 2039 velie‘

165 2088 322 2165 paululum
341 2088 497 2147 contractis
518 2095 552 2146 ut
571 2097 640 2146 aute
661 2089 759 2150 omnia
780 2090 904 2148 orationi
917 2089 1006 2149 Plinii
1024 2087 1201 2164 turpissimis
1212 2087 1289 2150 atie

167 2198 263 2256 omnis
278 2197 393 2272 generis
406 2197 577 2270 inquinatae
590 2198 788 2257 emendandae
807 2199 1007 2259 consuleretur
1023 2207 1064 2275 et,
1086 2197 1289 2272 quodcumque

167 2308 350 2367 auctomtatis
374 2306 510 2383 publicae
533 2315 611 2364 esset
629 2317 751 2366 naturae
771 2308 994 2379 scrutatoribus,
1019 2309 1088 2367 huic
1112 2307 1194 2383 operi
1219 2324 1289 2382 gra·

167 2417 286 2476 vissimo
305 2416 523 2491 impenderetur
541 2417 645 2474 suasit.
678 2415 806 2474 Consilio
825 2417 1063 2492 prudentissimo,
1088 2417 1133 2475 uti
1151 2416 1289 2493 perluit,

101 2544 110 2561 ·
168 2527 298 2584 omnium
319 2525 469 2600 suffiagiis.
483 2525 607 2600 probato
626 2543 731 2583 rursus
745 2526 966 2585 Thierschio
984 2533 1113 2598 auctore,
1136 2526 1188 2601 qui
1201 2539 1290 2602 prae-

168 2643 248 2693 terea
267 2642 359 2693 totam
379 2653 411 2693 se
430 2653 494 2692 rem
518 2635 551 2694 in
569 2653 709 2693 consessu
727 2635 835 2710 Regiae
854 2636 1018 2695 academiae
1036 2636 1201 2697 litterarum
1220 2636 1290 2698 Mo-

167 2745 300 2803 nacensis
327 2744 452 2802 ulterius
477 2749 725 2819 pertractaturum
750 2751 796 2802 est
819 2744 985 2820 professus,
1017 2746 1133 2804 11111111
1157 2746 1291 2805 editionis

158 2852 324 2912 ¹Plinianae
337 2860 437 2929 partes
455 2872 474 2910 a
492 2852 628 2911 societate
647 2861 772 2911 naturae
791 2863 986 2913 scrutatorum
1005 2855 1076 2913 mihi
1089 2861 1159 2914 sunt
1172 2857 1291 2936 deman·

168 2965 264 3037 datae,
284 2971 319 3022 ut
336 2982 424 3038 quem
441 2963 474 3021 in
490 2970 573 3038 parte
592 2969 670 3021 certe
690 2951 790 3037 aliqua
804 2963 945 3022 naturalis
958 2963 1098 3023 historias
1111 2966 1292 3034 emendanda

169 3082 199 3133 11
217 3074 394 3148 illustranda
414 3072 526 3131 versari
549 3091 568 3129 1
586 3071 808 3130 Thierschio
834 3072 1001 3143 doceretur,
1026 3093 1064 3132 ex
1083 3093 1142 3148 quo
1160 3091 1217 3149 ego
1238 3074 1291 3134 sti·

168 3185 274 3260 pendio
301 3181 395 3257 Regio
413 3179 626 3242 FRIDERICI
649 3179 841 3242 AUGUSTI
860 3181 886 3241 I.
910 3181 1070 3241 beatissimi
1086 3182 1178 3260 Regis
1198 3181 1292 3244 Saxo·

169 3294 235 3351 niae
248 3301 352 3350 auctus
363 3288 491 3349 Parisios
504 3291 654 3366 proiectus
668 3290 792 3366 optimos
806 3291 847 3350 ibi
860 3292 984 3363 codices,
997 3291 1047 3366 qui
1061 3291 1189 3366 quinque
1201 3292 1292 3351 libros

170 3401 344 3459 novissimos
354 3398 446 3457 Plinii
459 3401 617 3471 continent,
632 3419 650 3458 a
665 3397 801 3458 Carolo
815 3398 1011 3459 Benedicta
1024 3401 1151 3472 Hesio,
1166 3399 1292 3461 Germa·

171 3510 238 3568 niae
250 3511 327 3567 inter
342 3506 446 3567 Gallos
460 3509 575 3580 decore,
594 3509 668 3566 adeo
683 3508 824 3567 benevole
838 3510 965 3583 adiutus,
981 3516 1141 3568 utinenses
1154 3508 1221 3567 illos
1234 3510 1292 3569 Pa·

171 3621 309 3680 risieuses
328 3619 360 3676 in
382 3618 505 3677 summis
527 3618 605 3676 vitae
626 3635 708 3676 meae
727 3598 906 3678 ornamentis
928 3627 958 3679 11
977 3619 1087 3678 deliciis
1106 3637 1223 3696 semper
1237 3617 1292 3677 sim

172 3729 334 3800 habiturus,
349 3746 505 3804 excerpere
517 3726 699 3786 institueram
710 3722 860 3808 (videatur
870 3726 976 3788 Okenii
985 3728 1042 3788 Isis
1054 3723 1228 3789 1828.v01.
1240 3723 1292 3787 21.
1305 3712 1310 3720 ’

173 3858 202 3913 p.
218 3832 319 3916 loa).
349 3836 601 3909 Thierschius,
622 3856 681 3911 qua
695 3844 740 3896 est
754 3839 845 3896 animi
863 3839 1021 3911 alacritate,
1043 3857 1105 3895 rem
1124 3837 1215 3895 talem
1233 3855 1293 3897 non

174 3947 363 4005 differendam
383 3964 448 4007 esse
468 3947 572 4019 sciens,
591 3949 691 4006 statim
710 3947 808 4006 omnia
821 3966 896 4021 quae
909 3948 965 4024 ipsi
978 3947 1142 4008 necessaria
1155 3945 1293 4005 videban-

174 4063 224 4115 tur
237 4057 360 4131 agitare,
373 4056 445 4118 nihil
457 4057 632 4116 intentatum
649 4057 824 4131 relinquere,
842 4076 959 4116 omnem
972 4057 1099 4133 lapidem
1112 4074 1242 4127 movere,
1260 4064 1295 4113 ut

176 4166 307 4227 subsidia
325 4168 489 4227 necessaria
512 4166 723 4228 conferrentur.
757 4166 918 4226 Hominum
943 4168 1126 4243 privatorum
1151 4185 1222 4243 opes
1246 4166 1294 4224 liic
