2714 4710
171 292 232 353 174
516 306 721 353 strumus
741 305 937 352 merome

169 457 219 522 dri
240 457 373 522 victorie
398 456 476 520 lune
494 456 655 521 defecisse
680 457 784 521 noetis
810 455 951 521 seeundo
974 455 1054 518 lion
1071 466 1124 520 est
1143 457 1284 541 prodito,

170 560 346 642 eodemque
371 557 404 620 in
431 554 542 622 Sicilie
566 558 723 622 exoriens.
760 554 846 620 Solis
870 555 1033 620 deiectum
1059 554 1223 641 V1psteno
1253 570 1286 622 et

170 659 308 724 Fonteio
334 679 415 724 cose.
442 656 499 738 qni
527 656 619 720 luere
646 666 721 719 ente
751 676 872 740 peuces
901 676 1002 718 ennon
1029 655 1152 719 foetum
1180 658 1285 742 pridie

170 760 325 825 kalendas
338 756 445 820 Maias
460 753 638 841 Campania
657 757 736 819 horo
756 755 820 820 diei
840 756 925 819 inter
938 765 1121 839 septumum
1140 767 1176 821 et
1194 766 1283 822 oote-

169 882 241 924 vcm
261 858 372 934 sensit,
394 854 536 922 (brbulo
556 857 624 921 dux
644 858 679 920 in
693 857 849 921 Arnenie
868 857 952 920 inter
971 856 1082 920 horem
1094 855 1162 920 diei
1182 857 1282 922 deeu-

168 957 826 1042 memetundeeimemprodiditvisum,
853 955 990 1020 dreuitu
1015 955 1105 1042 globi
1130 957 1282 1024 uliualiis

168 1059 341 1146 detegente
366 1067 401 1121 et
424 1057 617 1121 occultante
653 1056 751 1137 Quod
777 1055 805 1120 si
830 1055 927 1141 plenu
951 1067 1040 1120 esset
1063 1066 1160 1135 tem,
1188 1057 1282 1122 simul

166 1161 274 1224 omnic
298 1159 488 1244 adparerent
516 1158 641 1222 eunetis
668 1167 844 1239 noctesque
863 1177 928 1220 non
946 1155 1063 1220 fierent
1079 1155 1279 1242 inseqmles3

167 1281 242 1322 nem
261 1279 365 1341 ecque
385 1259 457 1322 eliis
477 1279 574 1340 qoem
599 1257 634 1322 in
658 1257 766 1322 medio
788 1257 858 1321 sitii
877 1257 969 1341 peric
995 1256 1168 1323 duodecim
1188 1260 1279 1324 hore-

167 1382 238 1423 mm
264 1359 432 1424 intervalla
458 1368 679 1434 cernerentur,
708 1378 791 1440 quee
816 1376 903 1420 nunc
930 1377 994 1419 non
1019 1357 1053 1420 in
1079 1359 1166 1422 unni
1191 1371 1280 1444 perte

168 1460 262 1523 simili
283 1459 380 1522 modo
401 1469 592 1544 congruunt.

209 1559 341 1623 Lxxl.
376 1558 427 1622 73.
453 1558 532 1623 Ideo
559 1579 620 1622 nec
647 1578 713 1620 nox
740 1558 874 1640 diesque
905 1557 1050 1640 quemvis
1076 1558 1193 1623 eedem
1217 1569 1328 1647 totels¹

167 1660 245 1725 orbe
266 1661 361 1725 simul
383 1671 443 1737 est,
472 1659 621 1744 oppositu
643 1657 729 1744 globi
750 1667 877 1722 noctem
897 1668 955 1723 eut
974 1657 1097 1722 ambitu
1118 1659 1206 1724 diem
1224 1660 1280 1724 ed·

169 1763 301 1826 ferente.
324 1761 438 1826 Multis
458 1760 520 1824 hoe
542 1759 707 1846 cognitum
725 1759 963 1843 experimentis,
983 1758 1019 1822 in
1032 1757 1150 1823 Africo
1161 1759 1281 1845 Hispe-

167 1863 284 1944 nieque
312 1862 446 1924 turrium
472 1860 677 1936 Hannibalis,
706 1860 741 1922 in
761 1857 845 1922 Asia
869 1879 948 1923 vero
972 1870 1105 1943 propter
1129 1860 1281 1944 piraticos

168 1973 304 2025 terrores
329 1960 425 2024 simili
452 1961 651 2044 speeulerum
672 1961 835 2045 praesidio
856 1961 1004 2038 excitato,
1033 1961 1068 2024 in
1094 1961 1169 2044 quis
1187 1980 1280 2046 pree-

165 2062 294 2125 nuntios
315 2061 399 2147 ignis
421 2071 513 2124 sexta
535 2061 613 2124 hora
633 2060 699 2126 diei
719 2080 871 2125 eoceneos
900 2080 997 2146 saepe
1024 2071 1211 2146 conpertum
1230 2071 1282 2125 est

166 2161 260 2226 tertie
279 2160 383 2225 noctis
404 2183 425 2223 e
444 2172 537 2247 tergo
550 2161 672 2224 ultimis
684 2161 781 2224 visos.
803 2158 961 2226 Eiusdem
974 2158 1153 2226 Alexandri
1172 2180 1281 2226 cursor

164 2261 349 2328 Philonides
372 2284 413 2326 ex
435 2258 575 2344 Sicyone
596 2260 682 2324 Elim
710 2260 797 2325 mille
822 2272 856 2324 et
882 2261 1021 2325 ducente
1042 2261 1146 2325 stadie
1165 2282 1280 2326 novem

166 2363 230 2428 diei
252 2362 392 2428 confecit
412 2361 498 2426 horis
519 2361 658 2443 indeque
680 2361 826 2442 quamvis
846 2361 964 2427 declivi
983 2362 1098 2426 itinere
1113 2363 1210 2427 tertie
1220 2382 1280 2426 no·

166 2465 226 2529 etis
246 2463 324 2530 hore
343 2484 509 2528 remensus
530 2473 579 2526 est
600 2462 747 2546 saepius3
770 2483 877 2539 cause,
901 2462 987 2545 quod
1006 2463 1097 2527 eunti
1211 2463 1279 2528 sole

165 2703 271 2765 pn'mem
281 2713 383 2762 quoque
400 2698 592 2747 declinationem
605 2700 787 2761 usurpaverint,
799 2701 892 2748 docent
907 2699 954 2748 vin·
964 2700 1040 2759 docti,
1053 2714 1161 2761 quorum
1176 2698 1279 2749 nomine

165 2768 285 2829 adscripsi
305 2769 337 2815 ad
358 2765 423 2816 ciris
442 2780 479 2814 vs.
502 2772 558 2814 104.
583 2807 614 2813 -
641 2775 676 2814 est
692 2763 801 2828 prodita,
822 2768 859 2814 ad
875 2762 1005 2827 (Robert)
1019 2767 1121 2830 predita
1132 2763 1277 2831 eet,R²ssr.

161 2833 272 2899 prodite,
283 2835 328 2883 11¹.
346 2873 377 2881 ..
402 2831 531 2896 Vipstano,
542 2833 626 2881 Urriu
638 2832 718 2880 famil.
729 2833 806 2880 Rom.
817 2847 843 2895 p.
855 2838 896 2882 28.
915 2831 1031 2896 Vipieno,
1042 2834 1066 2883 R
1077 2835 1135 2882 ¹ed.
1154 2832 1277 2898 Vipieeie,

165 2901 213 2952 3².
239 2900 365 2965 Vipieano,
376 2900 440 2948 liber
451 2899 562 2962 optimus
573 2898 681 2949 Salmas.
693 2912 776 2946 exere.
788 2913 813 2960 p.
827 2906 867 2948 33.
880 2915 903 2948 e
915 2901 945 2949 F.
969 2898 1087 2963 Vipseno,
1099 2897 1238 2950 corbonen
1253 2906 1278 2948 et

164 2970 278 3032 plerique
289 2970 372 3018 Vetic.
384 2962 412 3027 β.
425 2968 485 3015 Vid.
497 2967 577 3029 intpp.
589 2967 622 3015 sd
633 2965 714 3015 Tacit
726 2966 811 3014 annul.
825 2972 864 3025 14,
878 2971 901 3014 l.
919 3005 951 3014 ..
966 2965 1078 3028 frenent,
1090 2970 1114 3016 d.
1134 3008 1166 3015 -
1188 2982 1278 3032 ponem

165 3054 247 3094 annos,
259 3038 347 3086 Red'2.
362 3050 466 3098 peuces,
478 3034 510 3081 T.
525 3049 615 3096 pauco,
627 3031 668 3081 d¹.
680 3073 712 3080 -
724 3033 896 3096 sectemur.
915 3033 946 3081 Τ.
964 3072 996 3081 ..
1013 3033 1103 3096 pridie,
1115 3035 1221 3083 Rode
1235 3048 1277 3096 pr,

164 3106 213 3155 R'.
235 3103 276 3162 II,
295 3104 326 3151 Τ.
350 3142 381 3149 ..
408 3099 507 3160 Maiae,
527 3102 579 3150 Re
605 3097 679 3159 Maii,
698 3100 753 3147 Τά
776 3139 808 3146 ..
833 3097 1035 3162 οαιιιῑιαηία,αᾶ.
1052 3101 1279 3163 Ianomenper

164 3179 320 3218 correcturas
332 3169 503 3215 obscuratum.
522 3207 553 3215 -
572 3165 629 3226 diei,
642 3168 694 3216 Re
711 3167 875 3215 Indi-esum.
894 3206 925 3213 -
944 3168 1122 3227 oetatem,R¹.
1141 3206 1173 3216 ..
1194 3167 1277 3217 Am

164 3237 237 3294 πίαηι,
258 3237 289 3282 R.
309 3274 340 3281 -
358 3247 434 3291 orem,
454 3235 485 3280 R.
505 3272 536 3280 ..
555 3231 602 3293 die,
621 3234 653 3282 B.
672 3273 704 3280 ..
723 3234 806 3292 vinem,
822 3233 894 3282 R²d
921 3232 980 3292 mire,
1000 3234 1082 3282 ΒΨ.
1109 3232 1171 3295 viee,
1187 3233 1228 3284 α’.
1246 3271 1276 3281 ..

164 3301 230 3360 aliis,
243 3302 314 3350 Red.
333 3307 355 3345 et
366 3297 434 3356 aliie,
446 3294 496 3360 βγ.
515 3338 545 3345 -
565 3309 672 3362 noctque,
684 3300 729 3348 R¹.
748 3339 779 3347 -
799 3316 854 3347 nam
866 3314 950 3362 aeque,
962 3300 1040 3349 Hard„
1052 3300 1084 3348 R.
1106 3315 1193 3362 oeque,
1207 3295 1276 3361 ισβ.

164 3382 227 3426 nam,
239 3367 305 3416 Td¹.
324 3380 380 3412 nom
392 3379 445 3423 non,
458 3365 498 3412 (1².
512 3403 543 3411 ..
556 3365 621 3426 aliie,
633 3366 772 3416 R'l'edre.
790 3366 863 3426 aliae,
875 3361 903 3426 β.
917 3406 948 3414 ..
963 3365 1047 3430 peria,
1059 3368 1104 3416 12¹.
1117 3406 1148 3414 ..
1165 3381 1276 3416 cernere

162 3448 222 3493 mur,
234 3434 282 3482 R1.
301 3471 333 3479 -
351 3445 405 3490 non,
416 3431 514 3479 RTdr.
528 3430 615 3480 Omitt
629 3428 677 3492 est.
696 3472 726 3480 ,
747 3432 772 3480 in
783 3434 852 3492 omni,
863 3432 982 3483 R²Tu²d
996 3430 1035 3494 (in
1052 3431 1161 3496 rasum.)
1184 3433 1276 3494 nondun,

162 3502 209 3551 R'.
228 3498 321 3548 nomine
339 3499 376 3546 ek

196 3565 211 3627 ξ
227 3571 281 3617 181.
300 3535 370 3625 Ideo,
382 3565 433 3614 Ra.
452 3562 570 3626 Ideoque,
582 3565 613 3614 Τ.
632 3561 734 3627 Ideque,
746 3567 770 3612 d.
784 3604 816 3613 ...
829 3566 948 3628 quemvis,
960 3567 1015 3616 Rd.
1035 3567 1146 3628 quowie,
1158 3562 1231 3630 αβγ.
1244 3606 1275 3615 .-

162 3633 258 3695 similis,
279 3636 316 3682 (1³.
335 3673 366 3679 -
385 3641 428 3692 eet,
450 3647 499 3679 om.
520 3634 544 3680 d.
563 3671 594 3679 -
613 3631 724 3694 opposite,
743 3631 768 3680 R
779 3635 793 3679 ¹.
812 3671 844 3680 ..
862 3632 993 3696 afferente,
1011 3631 1067 3694 d(u
1078 3634 1105 3680 in
1116 3631 1226 3695 neore)
1244 3672 1274 3682 ..

161 3701 342 3764 Hispanieqee,
363 3702 394 3749 R.
422 3739 452 3746 ..
479 3697 651 3762 speculiarum,
671 3698 721 3747 R'.
748 3737 779 3746 ..
806 3699 940 3758 excitem.
967 3739 999 3747 ..
1022 3700 1193 3763 praenuntios,
1208 3701 1274 3750 Piae

161 3769 233 3818 R²K.
249 3765 391 3831 praenuntio
402 3764 503 3826 (rasura
514 3765 588 3813 unius
600 3760 718 3825 litterae),
730 3765 754 3812 d.
771 3763 919 3828 praesidius,
930 3766 976 3815 12¹.
990 3766 1125 3830 praesidio,
1142 3770 1180 3816 α’.
1200 3783 1274 3831 pree-

161 3835 319 3895 nuntiativos,
329 3829 410 3896 εἳβγ.
418 3831 642 3896 praenuntiaturos,
652 3831 731 3879 altera
739 3832 806 3880 Pint.
816 3833 967 3882 coniectore
977 3872 1009 3881 -
1019 3834 1089 3898 quis,
1101 3834 1181 3883 R²d¹.
1192 3873 1223 3882 -
1233 3849 1274 3882 ee·

160 3916 254 3961 censue,
267 3905 282 3950 d
295 3900 324 3958 (u
336 3901 362 3947 in
373 3896 480 3960 rasura.)
502 3937 523 3944 -
549 3895 650 3960 aderqo,
662 3899 706 3946 R¹.
726 3936 757 3946 .-
775 3897 853 3958 visus,
865 3901 889 3948 d.
903 3940 935 3947 ..
947 3915 1027 3959 curso,
1039 3900 1087 3949 R¹.
1105 3940 1137 3948 ..
1147 3898 1273 3962 fileueiler,

160 3965 204 4014 Re
221 3965 347 4029 palmites,
359 3965 407 4015 R2.
427 4006 458 4013 -
478 3964 573 4025 iicione,
586 3965 618 4014 R
637 4005 668 4013 -
686 3963 752 4026 Elii,
764 3969 800 4015 ³².
814 3965 902 4015 Omitt.
914 3967 980 4015 Rau
998 3965 1034 4016 ud
1052 3967 1122 4028 helin,
1143 3969 1160 4016 d
1177 3964 1216 4028 (in
1233 3981 1274 4016 re·

161 4029 230 4092 sum)
251 4034 354 4082 Robert.
378 4032 437 4080 Vid.
452 4035 474 4093 7,
487 4038 527 4082 84.
547 4073 578 4080 ..
605 4031 657 4092 ille,
668 4032 717 4080 11¹.
736 4072 768 4079 -
787 4029 951 4093 ducerem
970 4072 1002 4081 -
1011 4026 1078 4096 ficit,
1090 4034 1136 4083 R'.
1156 4073 1188 4082 ..
1204 4031 1272 4084 inde·

161 4113 213 4160 que,
225 4099 264 4148 αἱ.
283 4099 346 4160 inde,
358 4097 425 4148 Ra&
439 4099 496 4149 Om.
509 4101 533 4148 d
552 4138 583 4148 ..
602 4097 629 4146 in
642 4098 737 4159 declivi,
748 4101 780 4148 T.
800 4139 831 4147 -
840 4114 977 4160 ·-revereue,
989 4115 1003 4148 r
1015 4096 1147 4162 (Robert.)
1167 4140 1199 4149 -
1217 4114 1271 4148 ree·

157 4163 224 4228 pies,
242 4167 334 4214 Rode.
361 4164 449 4215 Omitt.
470 4180 483 4212 r
506 4161 635 4226 (Robert.)
663 4205 694 4212 -
711 4183 808 4226 caueae,
828 4181 851 4214 e.
871 4205 901 4214 ..
920 4175 981 4227 eret,
997 4167 1087 4216 R²ac
1111 4175 1162 4229 ute,
1173 4167 1221 4218 1³¹.
1239 4206 1269 4216 ..

161 4232 267 4292 eundem,
279 4230 356 4282 Red¹
371 4229 457 4293 (codd.
471 4229 573 4292 Gelen.)
591 4229 744 4296 eundemque,
757 4232 803 4282 d²r
814 4229 944 4294 (Robert.)
957 4272 988 4282 ..
1004 4238 1219 4298 praetervertebat,
1235 4236 1270 4284 ed
