2714 4710
595 344 784 388 rasurum.
1126 346 1254 391 txxxlu

128 493 307 554 dawinum
326 494 358 552 in
377 501 461 554 nunt.
481 495 571 556 litter.
586 494 722 574 Gottinga
746 492 839 558 1849.
859 514 904 556 nr.
921 491 1111 570 181-183,
1133 497 1252 560 Ludo·

128 601 251 663 vicum·
260 603 303 662 de
316 601 383 679 Ian
396 604 427 663 in
440 613 525 665 nunt
539 607 629 666 litter.
640 606 757 666 Monac.
773 600 865 667 1849.
881 625 927 666 nr.
944 600 1081 668 56..58.
1096 615 1157 667 tam
1170 609 1254 668 doote

126 729 220 789 quam
238 714 363 772 comiter
380 713 419 772 de
427 714 534 792 opella
544 734 613 791 mea
630 715 836 792 qualicumque
849 709 1025 796 iudicantes)
1033 758 1043 788 ‚
1063 724 1128 775 tum
1146 717 1179 775 in
1193 715 1254 776 Er·

125 828 235 880 nesto
254 821 449 899 Frideric'o
470 825 750 897 Wiistemanno,
774 807 942 902 professore
962 824 1087 885 illustris
1111 825 1255 904 gymnasii

126 927 271 1003 Gothani,
285 933 448 992 maximum
461 935 640 994 desiderium
655 933 803 1006 excitavit,
824 941 858 993 ut
870 941 952 993 totus
965 934 1079 993 Plinius
1092 934 1145 994 illo
1158 952 1253 1012 appa-

80 1112 86 1122 Ι
125 1047 194 1098 ratu
208 1039 374 1101 instructus
389 1051 419 1102 et
435 1063 474 1103 ex
488 1063 544 1117 ao,¹
557 1045 655 1120 quoad
669 1043 732 1103 eius
749 1043 814 1120 lieri
827 1049 940 1119 posset,
958 1043 996 1101 ad
1016 1044 1142 1120 optimos
1155 1043 1253 1103 fontes

124 1157 281 1208 revocatus
297 1133 444 1224 ederetur.
465 1151 748 1230 Magnaiisiactura
760 1169 826 1212 esse
837 1151 1002 1224 videbatur,
1013 1151 1136 1212 siedltio
1147 1161 1251 1213 auoto-
1275 1204 1278 1211 .

123 1255 166 1319 sis
179 1259 347 1331 gravissimi
360 1261 409 1319 diu
422 1271 598 1340 praeparata
610 1271 664 1323 aut
675 1280 800 1339 prorsus
814 1261 999 1322 omitteretur
1010 1268 1073 1333 aut,
1087 1263 1166 1337 quod
1179 1262 1252 1322 ulti-

123 1384 208 1426 mum
228 1367 371 1446 effugium
389 1378 500 1451 restare
523 1372 734 1449 opinabantur,
765 1371 806 1429 ‘ad
828 1378 945 1430 exteras
967 1368 1102 1433 nationes
1126 1371 1253 1448 migrare

123 1484 296 1553 cogeretur3
311 1491 411 1556 'neque
425 1500 490 1558 ego,
512 1482 562 1540 cui
580 1481 672 1540 semel
690 1480 744 1540 illa
763 1454 917 1557 provincia
927 1479 1105 1543 demandata
1119 1486 1193 1553 erat,
1213 1479 1253 1539 ad

122 1603 214 1662 quam
240 1587 362 1648 feliciter
389 1589 648 1649 administrandam
673 1609 733 1649 non
751 1607 862 1667 paucos
883 1588 959 1646 alios
983 1594 1046 1647 tem
1071 1591 1109 1648 ab
1130 1589 1251 1664 ingenio

123 1713 214 1770 quam
224 1696 263 1755 ab
273 1697 408 1757 doctrina
416 1697 505 1776 longe
514 1716 563 1756 me
577 1696 884 1766 instructioresmulto
895 1696 1024 1773 aptiores
1035 1694 1151 1755 futuros
1162 1695 1252 1755 fuisse

123 1805 236 1880 optime
250 1805 322 1878 seio,
335 1805 380 1864 illi
394 1806 546 1880 desiderio,
569 1815 711 1883 quantum
724 1805 755 1865 in
768 1823 818 1864 me
831 1805 898 1877 fuit,
912 1805 1090 1882 respondere
1103 1805 1249 1865 nolebam.

122 1913 391 1975 Wtistemanno
409 1915 501 1992 igitur
515 1923 578 1975 tota
596 1935 629 1974 re
642 1914 749 1974 tradita
767 1915 816 1974 hic
829 1914 876 1975 vir
890 1914 1015 1974 eximius
1035 1913 1152 1974 fervore
1165 1933 1250 1992 pror·

121 2039 174 2080 sus
189 2021 331 2099 singulari
342 2043 408 2083 eam
420 2031 466 2083 est
476 2042 633 2108 aggressus
644 2042 804 2100 omnesque
814 2024 877 2089 vias
887 2024 950 2083 eius
960 2024 1154 2101 perficiendae
1166 2032 1249 2084 tanta

121 2150 190 2190 cnm
210 2150 283 2190 curra
300 2141 331 2192 ot
348 2134 609 2211 circumspectione
628 2141 675 2192 est
692 2141 875 2212 persecutus,
893 2141 928 2192 ut
946 2139 1068 2193 eventus
1087 2151 1147 2193 non
1160 2128 1248 2194 modo

121 2257 205 2318 spem
221 2248 353 2329 nostram
367 2248 517 2319 aequaret,
541 2244 593 2302 sed
612 2244 701 2320 longe
714 2241 861 2319 longeque
876 2252 1038 2320 superaret.
1064 2239 1135 2300 Non
1148 2261 1246 2301 meum

121 2358 167 2408 est
180 2351 237 2410 hoc
250 2350 317 2410 loco
330 2351 464 2429 pluribus
481 2371 637 2430 exponere,
648 2360 759 2428 quanto
774 2371 841 2411 cum
855 2352 953 2410 studio
966 2351 1094 2426 undique
1104 2351 1171 2412 wo
1179 2359 1246 2411 ste·

119 2459 243 2519 manni
254 2459 371 2534 litteris,
386 2461 520 2538 precibus
535 2461 653 2520 obviam
667 2460 707 2520 sit
718 2460 810 2531 itum3
825 2460 943 2536 amplus
953 2460 1044 2518 index
1054 2469 1155 2519 eorum
1166 2461 1245 2521 viro·

118 2587 198 2641 rum,
213 2571 266 2644 qui
279 2586 375 2628 novae
388 2570 512 2630 editioni
521 2569 651 2628 fautores
665 2586 729 2628 esse
743 2567 911 2640 voluerunt,
926 2567 994 2628 huic
1005 2568 1148 2630 volumini
1161 2571 1244 2630 addi·

119 2687 168 2739 tus
181 2677 214 2738 id
228 2679 301 2737 satis
315 2697 460 2755 superque
473 2684 609 2752 testatur,
625 2695 713 2754 quem
727 2677 966 2754 quotiescumque
980 2679 1072 2738 oeulis
1081 2680 1242 2758 perlustro,

118 2806 178 2847 non
198 2796 246 2846 est
265 2789 345 2863 quod
365 2788 478 2847 disertis
498 2789 617 2847 demum
632 2786 729 2848 verbis
751 2788 873 2864 eloquar
891 2789 1053 2848 maximum
1067 2790 1163 2848 denuo
1177 2792 1242 2850 offi-

118 2897 197 2957 cium
211 2915 315 2956 omnes
334 2916 414 2980 meas
429 2897 505 2957 vires
519 2896 595 2956 telae
607 2898 741 2975 inceptae
754 2897 950 2975 pertexendae
969 2898 1156 2973 impendendi
1173 2898 1244 2959 mihi

116 3005 283 3066 iniunctum
297 3024 365 3065 esse
375 3025 422 3065 me
436 3006 555 3066 sentire.
571 3006 621 3065 Ita
630 3006 719 3082 igitur
733 3005 914 3075 factumest,
928 3012 963 3062 ut
973 3004 1141 3065 Andreas
1154 3008 1242 3066 Per-

117 3113 276 3188 thesius‚
303 3114 354 3190 qui
378 3114 469 3192 patris
489 3114 678 3173 Friderici
698 3093 890 3170 Parthesii
915 3113 975 3171 iam
999 3112 1112 3190 pridem
1134 3117 1242 3175 mortui

113 3223 233 3284 nomine
243 3231 395 3301 assumpto
405 3223 555 3282 librariam
562 3219 680 3282 Gothae
690 3239 758 3281 cum
767 3219 1242 3295 laudaiaetitat,Wtistemanni

113 3332 255 3392 iudicium
281 3339 399 3392 secutus
420 3332 502 3409 operi
519 3331 687 3391 redimendo
706 3338 844 3409 paratum
867 3349 900 3390 se
923 3312 1030 3392 diceret
1048 3351 1143 3411 neque
1163 3335 1241 3396 ullas

112 3442 269 3519 impensas·
283 3443 511 3502 detrectatorum
532 3459 597 3500 esse
610 3441 811 3519 promitteret,
835 3440 992 3518 quominus
1004 3442 1119 3503 Plinius
1139 3452 1242 3504 noster

112 3557 237 3611 externo
256 3551 360 3611 habitu
378 3553 496 3610 lecturis
511 3552 775 3610 commendaretur.
802 3548 859 3610 Oui
870 3551 1018 3628 promisso
1036 3561 1179 3628 quantum
1193 3557 1240 3613 vir

111 3660 338 3721 honestissimus
360 3661 549 3733 satisfecerit,
570 3661 633 3739 ipse
654 3660 727 3720 hher
748 3660 911 3720 clarissima
930 3667 1071 3736 testatur,
1094 3682 1159 3721 cum
1180 3683 1239 3723 non

110 3769 211 3829 solum
234 3779 373 3849 typorum
400 3770 544 3845 elegantia
564 3773 739 3846 chartaeque
762 3771 858 3829 nitore
883 3770 956 3830 nihil
979 3773 1059 3847 quod
1082 3773 1238 3833 desiderari

109 3880 211 3956 possit
229 3880 376 3955 reliquum
395 3879 492 3951 iaciat,
513 3879 730 3950 verumetiam,
753 3889 896 3953 quantum
909 3880 974 3957 ipse
988 3881 1154 3954 observavi,
1175 3892 1235 3942 tam

107 4007 208 4067 purus
228 4008 248 4048 a
267 3988 489 4068 typothetarum
502 3987 614 4047 mendis
629 3988 668 4046 sit
680 3986 821 4059 redditus,
841 3996 885 4059 nt,
905 4005 1005 4048 rarum
1019 3993 1075 4052 hoc
1094 4002 1234 4070 tempore,

106 4101 167 4158 hoc
182 4096 302 4159 nomine
317 4117 384 4157 cum
398 4098 611 4177 probatissimis
622 4096 705 4156 libris
716 4097 878 4174 comparari
887 4114 976 4174 posse
986 4100 1130 4160 videatur.
1152 4103 1234 4163 Haec

105 4210 189 4283 laus,
211 4228 288 4287 quae
302 4211 543 4270 commentarium
557 4207 740 4287 potissimum
757 4207 920 4285 inspicienti
933 4209 1060 4269 maxima
1075 4211 1231 4281 videbitur,
