2714 4710
593 296 784 340 ruarmo.
1145 299 1249 343 lxxix

125 448 340 526 opposuissem,
355 447 386 507 in
400 447 483 507 libris
497 449 625 508 menime
639 449 853 527 geographicis,
868 450 920 510 ubi
929 449 1047 510 nomine
1056 451 1182 511 bsrbsre
1192 453 1249 512 mi-

125 577 195 618 rum
215 565 364 632 qnantum·
377 574 442 616 esse
462 564 602 635 corrupte
622 576 767 635 perquam
787 568 832 618 est
851 559 1020 636 probabile,
1041 560 1107 619 eius
1125 561 1250 637 ponendi

124 669 194 726 finis
214 667 317 726 nullus
336 675 414 726 esset
434 667 583 727 inventus.
610 668 681 726 Non
701 686 813 744 peuces
835 668 933 741 etiem,
953 676 988 729 ut
1007 669 1064 729 hoc
1085 669 1203 744 eddom,
1221 670 1251 730 in

118 777 222 836 indice
235 776 303 835 libri
316 776 403 853 primi
416 778 455 837 sb
469 776 534 854 ipso
547 775 647 835 Plinio
662 777 826 855 conscripto
839 777 1022 855 corruptelas
1037 778 1254 857 orthographici

125 884 311 964 potissimum
325 885 442 961 generis
455 892 572 946 exstare
587 886 685 958 credo,
701 905 778 961 quse
792 895 855 946 tum
867 887 987 946 demum
997 887 1093 966 detegi
1102 894 1252 964 poterunt,

126 1014 195 1054 cum
213 995 252 1054 ed
270 994 470 1054 emendandos
489 994 621 1072 singulos
639 995 731 1054 libros
751 1013 922 1072 processum
936 996 1002 1055 erit.
1023 997 1114 1056 Illum
1127 996 1253 1056 indicem

124 1105 156 1164 in
174 1103 383 1181 minutioribus
403 1105 493 1163 etiem
506 1105 595 1164 rebus
609 1103 668 1164 iam
682 1124 760 1165 nunc
774 1107 928 1165 emendare
941 1124 1002 1165 non
1020 1104 1137 1178 licebat,
1159 1076 1254 1180 neque

127 1214 224 1294 magis
244 1221 313 1289 post
333 1231 433 1272 omnes
455 1214 572 1272 demum
592 1222 707 1274 ceteros
732 1215 825 1275 libros
851 1215 1002 1274 ebsolutos
1026 1232 1094 1273 eum
1117 1223 1253 1275 tractore.

127 1321 255 1381 Errcres
269 1321 299 1380 in
313 1340 349 1380 co
363 1321 493 1381 detectos
507 1322 647 1381 addendis
661 1331 693 1382 et
705 1323 885 1398 corrigendis
899 1324 1043 1399 inseram,
1066 1324 1172 1398 quibus
1185 1325 1254 1383 telis

126 1432 213 1504 liber,
234 1430 353 1506 quulem
374 1449 464 1490 menn
481 1430 576 1490 lector
594 1437 686 1506 tenes,
708 1451 868 1508 numquam
889 1451 978 1509 egere
997 1434 1115 1509 poterit.
1141 1434 1177 1492 In
1190 1433 1254 1509 ipso

131 1560 202 1600 vero
215 1539 424 1600 commentario
445 1539 544 1599 critico
559 1558 627 1598 cum
647 1541 679 1598 in
693 1542 866 1601 universum
885 1542 1030 1600 mcximse
1043 1541 1181 1601 brevitati
1194 1548 1255 1600 stu·

130 1650 200 1709 dere
214 1649 354 1708 deberem
368 1654 399 1706 et
411 1648 553 1709 lectorem
567 1649 720 1708 cordatum
735 1657 764 1708 et
778 1650 935 1708 candidum
947 1650 1044 1727 ipsum
1057 1650 1256 1708 iudicaturum

129 1776 193 1818 esse
206 1759 393 1830 confiderem,
413 1776 467 1818 cur
477 1756 554 1817 benc
565 1758 752 1834 potissimum
761 1776 858 1834 neque
873 1759 962 1818 aliem
972 1757 1125 1817 lectionem
1135 1774 1256 1833 recepe-
1278 1743 1284 1748 ’

130 1869 199 1940 rim,
211 1867 362 1926 nonnullis
373 1866 456 1940 locis,
467 1867 596 1926 maxime
605 1868 750 1927 librorum
761 1885 816 1926 sex
825 1873 1051 1946 postremorum,
1063 1866 1115 1926 ubi
1125 1873 1155 1926 et
1165 1840 1258 1926 codex

130 1976 201 2036 Bet
213 1995 313 2036 rerum
327 1977 529 2055 expositarum
544 1985 651 2036 notura
664 1996 712 2036 mc
730 1982 766 2035 ut
778 1979 836 2038 hoc
854 1977 981 2038 teserem
1000 1977 1171 2049 invitarunt,
1189 1994 1257 2036 cum

130 2095 160 2147 et
173 2087 325 2172 eliquanto
338 2086 570 2146 exercitatiorem
584 2087 724 2146 lectorem
735 2088 878 2147 offensum
891 2087 929 2147 iri
942 2095 1088 2165 putarem,
1102 2086 1257 2146 uberiores

131 2196 335 2264 adnotationes
347 2196 467 2269 subieci,
480 2197 586 2271 quibus
598 2205 629 2255 et
638 2216 725 2256 usum
739 2197 880 2271 loquendi
889 2194 988 2257 Plinio
1001 2197 1153 2275 proprium
1163 2196 1258 2273 expli·

133 2324 230 2366 esrem
250 2314 281 2365 et
294 2306 469 2365 sententiam
484 2307 633 2383 scriptoris
649 2306 739 2382 poulo
757 2306 969 2383 impeditiorem
987 2306 1151 2384 expedirem
1166 2303 1258 2381 (quod

132 2422 248 2492 praeter
261 2413 485 2492 Delecempium
504 2418 542 2475 eb
557 2415 713 2473 Herduino
731 2432 820 2492 scepe
838 2414 1029 2491 compilatum
1046 2433 1131 2473 nemo
1145 2413 1259 2474 felicius

132 2525 261 2601 suscepit
275 2543 365 2599 quem
383 2523 410 2582 I.
430 2524 482 2582 Pr.
497 2516 667 2583 Gronovius
681 2522 751 2582 etl.
768 2522 813 2582 Μ.
825 2521 977 2583 Gesnerus
989 2524 1020 2582 in
1035 2522 1261 2583 chrestomethis

131 2633 282 2706 Pliniana,
303 2634 387 2692 cuius
408 2633 569 2692 novissime
587 2649 704 2709 semper
717 2651 790 2691 usus
805 2651 872 2692 sum
887 2633 1011 2693 editione
1024 2632 1172 2710 Lipsiensi
1191 2633 1261 2692 enni

134 2737 259 2823 ltili),
281 2749 313 2800 et
327 2743 476 2820 opiniones
490 2743 684 2818 interpretum
699 2743 842 2801 maiorum
856 2742 988 2821 gentium
1001 2751 1054 2802 eut
1072 2742 1155 2801 novis
1169 2761 1259 2816 ergu-

133 2854 240 2912 mcntis
259 2843 539 2925 confirmarement,
562 2852 588 2910 si
606 2870 625 2909 e
644 2871 715 2911 vero
729 2854 868 2912 eberrere
886 2852 1070 2932 videbuntur,
1085 2850 1260 2926 corrigerem

134 2970 224 3038 etque
235 2961 278 3021 ite
290 2963 383 3021 nodos
398 2962 542 3038 quosdam
552 2962 760 3036 grammaticos
775 2968 806 3018 et
820 2959 937 3019 criticos
951 2968 981 3018 et
991 2959 1158 3043 historicos,
1168 2977 1261 3033 quen·

134 3080 200 3130 tum
218 3071 249 3131 in
267 3090 316 3130 me
337 3079 427 3143 esset,
451 3070 607 3129 solverem.
629 3069 700 3127 Non
714 3068 850 3142 equidem
864 3067 1035 3141 negaverim
1052 3084 1099 3124 me
1113 3067 1261 3126 nonnullis

134 3180 303 3240 bominibus
317 3181 414 3256 plcre,
426 3198 515 3255 quem
522 3196 604 3262 ⁴opus
617 3185 691 3250 eret,
703 3176 878 3253 explicuisse
889 3175 982 3236 videri
994 3194 1092 3253 posse,
1103 3182 1133 3234 et
1145 3175 1261 3235 lucilius

136 3307 207 3348 sene
220 3296 285 3349 eret
297 3282 521 3366 superciliosum
536 3287 686 3346 silentium
700 3276 901 3360 obtinere‚·uti
914 3304 1003 3363 saepe
1016 3285 1148 3346 homines
1162 3285 1261 3346 existi-

135 3398 257 3457 msticni
275 3374 347 3457 enee
364 3398 488 3458 tacendo
506 3415 596 3472 quem
615 3396 765 3470 loquendo
784 3395 890 3457 melius
912 3397 1085 3468 conrnune
1111 3397 1163 3456 sed
1183 3396 1261 3456 clere

135 3506 317 3582 loquendum
336 3506 393 3567 luit
411 3525 567 3581 meumque
588 3523 652 3565 esse
670 3506 776 3582 putavi
788 3505 970 3582 longioribus
985 3513 1015 3565 et
1032 3505 1261 3566 accuratioribus

135 3617 209 3679 meis
229 3616 464 3676 adnotetiondsus
479 3621 540 3674 tem
555 3615 718 3687 ostendere,
734 3615 806 3690 quid
818 3623 888 3694 post
900 3595 1012 3674 tentem
1032 3633 1133 3673 curem
1150 3615 1182 3671 in
1195 3614 1262 3672 Pli-

135 3725 185 3791 nio
204 3725 330 3802 positam
349 3726 386 3785 de
400 3725 459 3784 illis
480 3724 551 3782 locis
571 3724 778 3783 difficilioribus
798 3725 933 3797 eruerim,
954 3743 1042 3799 quem
1061 3724 1194 3782 homines
1214 3742 1262 3783 mc

136 3835 290 3912 peritiores
304 3844 334 3894 et
346 3835 491 3895 doctiores
505 3835 544 3891 ed
559 3835 734 3892 sententiam
750 3853 834 3892 suam
853 3835 940 3912 deliis
955 3833 1158 3910 proierendem
1180 3835 1262 3892 exci-

137 3944 212 4017 tere,
235 3946 315 4020 quod
328 3945 513 4022 potissimum
527 3943 563 4001 de
578 3942 786 4001 commentario
800 3941 987 4018 praelationis
1001 3945 1156 4003 Plinienee
1170 3943 1260 4016 velet,

138 4055 220 4114 cuius
239 4056 368 4115 embitus
387 4052 564 4132 repetendus
586 4056 630 4110 est
649 4068 687 4108 ex
707 4049 848 4126 singulari
861 4050 1003 4126 cretione,
1026 4071 1085 4127 que
1098 4052 1217 4112 Plinius
1231 4055 1262 4113 in

138 4182 173 4224 ee
187 4165 397 4226 conscribendo
414 4170 458 4223 est
478 4177 566 4234 usus,
589 4167 671 4219 etex
686 4160 850 4220 conditione
871 4161 935 4222 eius
948 4162 1047 4221 critice
1066 4161 1261 4222 incredrbilem
