2714 4710
627 298 736 343 arnan
757 300 780 344 r.
1225 286 1263 347 77

96 533 99 537 ἡ
144 446 303 533 Sulpicio,
326 445 453 511 Licinio
474 445 599 526 Macro,
624 446 732 527 Celso,
755 447 929 527 Massurio,
954 447 1065 514 Sextio
1087 450 1189 540 Nigro
1209 452 1265 534 qui

142 546 271 613 Graece
294 547 432 633 scripsit,
454 545 585 612 Bitho¹³
605 548 827 633 Dyrracheno,
852 548 994 635 Opilio¹⁴
1015 552 1151 629 medico,
1179 549 1264 618 Gra·

140 650 198 714 nio
219 648 355 713 medico.
1186 731 1189 740 Ἰ

186 749 390 813 Exrncnrs:
413 747 612 825 Democrito,
634 749 809 836 Apollonio
831 752 887 834 qui
910 752 1083 835 μύρωσινῐδ,
1106 751 1267 832 Miletow,
1304 823 1305 828 .

140 850 337 928 Artemone,
363 847 513 929 Sextilio,
536 851 679 930 Antaeo,
707 851 866 931 Homero,
895 852 1134 938 Theophrasto,
1165 852 1265 937 Lysi-

140 952 267 1030 macho,
295 951 417 1029 Attalo,
445 950 642 1030 Xenocrate,
670 950 803 1037 Orpheo
830 953 885 1036 qui
914 955 1081 1038 ἰδιοφυῆῐῑ,
1103 953 1265 1019 Archelao

142 1055 201 1137 qui
231 1055 324 1131 item,
358 1051 541 1129 Demetrio,
577 1050 700 1131 Sotira,
733 1053 854 1131 Laide,
887 1053 1117 1139 Elephantide,
1153 1053 1263 1141 Salpe,

142 1153 338 1240 Olympiade
358 1151 522 1230 Thebana,
545 1151 690 1217 Diotimo
711 1153 875 1231 Thebano,
896 1153 986 1232 Iolla,
1008 1154 1150 1233 Andrea,
1172 1154 1264 1220 Mar-

141 1257 235 1321 cione
256 1254 478 1338 zmymaeow,
500 1253 663 1318 Aeschine
685 1255 820 1332 medico,
842 1254 1054 1340 Hippocrate,
1076 1255 1262 1335 Aristotele,

140 1355 337 1421 Metrodoro,
348 1351 483 1439 Scepsio
493 1360 526 1430 ¹⁰,
548 1353 704 1418 lcetida²⁰
717 1355 853 1434 medico,
876 1356 994 1441 Apelle
1008 1357 1176 1435 medico²¹,
1192 1357 1264 1422 He-

87 1456 89 1458 ’
140 1456 242 1534 siodo,
264 1454 413 1533 Dalione,
436 1451 587 1532 Caecilio,
602 1453 706 1520 Bione
722 1457 777 1538 qui
791 1458 857 1541 περὶ
873 1458 1029 1541 δυνάμεων
1040 1465 1077 1535 ²2,
1094 1457 1263 1537 Anaxilao,

45 1580 46 1585 ¹
139 1556 223 1623 Iuba
242 1580 330 1646 rege.

349 1729 499 1805 LIBRO
527 1727 663 1803 XXIX.
698 1728 1055 1804 CONTINENTUR

139 1857 323 1925 Medicinae
345 1883 386 1925 ex
408 1860 608 1925 animalibus.
635 1858 688 1924 De
711 1860 833 1947 origine
855 1860 1041 1925 medicinae.
1063 1859 1117 1925 De
1131 1860 1261 1946 Hippo-

141 1971 238 2026 crate.
267 1959 408 2040 Quando
432 1962 572 2046 primum
595 1961 722 2047 clinice,
752 1962 880 2044 quando
901 1961 1040 2046 primum
1060 1962 1259 2048 iatraliptice.

138 2060 193 2126 De
216 2060 400 2148 Chrysippo
422 2063 573 2127 medicat
607 2062 681 2127 De²
702 2062 907 2128 Erasistrato.
940 2064 993 2129 De
1017 2064 1179 2148 empirice.
1206 2062 1260 2128 De

139 2162 317 2249 Herophilo
327 2170 348 2227 ³.
371 2161 445 2227 De*
467 2163 598 2246 reliquis
619 2164 805 2229 inlustribus
829 2165 962 2230 medicis
972 2172 993 2228 ⁵.
1017 2163 1193 2244 Quotiens⁶
1207 2187 1259 2229 ra·
1298 2224 1305 2229 ,

140 2263 185 2328 tio
212 2262 391 2328 medicinae
416 2274 540 2328 mutata
568 2264 618 2328 sit.
653 2262 735 2343 Quis
762 2266 885 2350 primus
911 2265 1033 2329 Romae
1060 2265 1205 2329 medicus
1227 2273 1261 2327 et

140 2365 279 2446 quando.
302 2362 390 2444 Quid
412 2365 453 2429 de
474 2365 608 2429 medicis
630 2365 784 2446 antiquis²
806 2364 942 2428 Romani
956 2365 1177 2428 iudicaverint.
1200 2362 1260 2428 Vi-

140 2464 185 2527 tia
194 2463 383 2529 medicinae.
399 2463 556 2529 Remedia
567 2487 608 2528 ex
623 2465 705 2529 lanis
715 2487 805 2528 xxxv
816 2475 849 2529 et
860 2465 1005 2547 sequenti
1016 2464 1114 2529 libro8
1124 2487 1200 2529 xxv.
1206 2488 1259 2542 nx,

138 2586 261 2651 oesypo
282 2587 385 2642 xxxrr,
416 2565 563 2649 sequenti
585 2564 666 2632 libro
686 2588 742 2629 xx.
758 2572 834 2643 nni,
858 2565 927 2630 ovis
947 2589 1028 2643 xxrr,
1052 2567 1198 2649 sequenti
1220 2566 1259 2630 li-

120 2705 203 2754 ‘libro
222 2712 422 2754 commemorata
438 2706 546 2766 ablegat,
565 2705 632 2753 idem
648 2705 744 2754 iaciens
756 2706 783 2754 in
799 2707 880 2755 indice
891 2706 949 2755 libri
964 2707 1064 2766 XXX,
1082 2706 1125 2755 ubi
1137 2707 1260 2755 lectorem

138 2772 232 2822 librum
243 2773 345 2822 XXIX.
359 2772 473 2821 conferre
485 2773 561 2821 iubet.
574 2773 677 2822 Scilicet
694 2787 752 2821 cum
769 2774 795 2821 in
812 2774 853 2823 his
870 2774 968 2824 duobus
984 2775 1063 2834 libris,
1080 2775 1117 2822 uti
1128 2774 1258 2836 inscriptio

137 2839 250 2887 indicum
259 2841 340 2900 docet,
349 2839 486 2888 medicinas
495 2853 527 2887 ex
540 2840 690 2890 animalibus
702 2848 859 2890 enarraturus
871 2849 944 2901 esset,
955 2848 984 2888 ut
995 2844 1073 2890 modo
1086 2842 1179 2890 horum
1191 2841 1258 2903 ipso-

138 2922 203 2966 rum,
216 2908 294 2955 modo
315 2908 464 2956 morborum
482 2907 596 2955 ordinem
613 2915 765 2976 sequeretur,
785 2909 909 2970 optimum
926 2908 1066 2969 lectorique
1083 2908 1257 2956 commodissi-

138 2989 210 3022 mum
222 2974 244 3023 ei
256 2987 311 3023 ease
321 2975 459 3032 videbatur,
472 2974 493 3022 si
505 2974 632 3035 animalia,
644 2976 712 3023 unde
723 2976 833 3022 remedia
844 2977 953 3036 petenda
965 2981 1056 3033 essent,
1069 2975 1095 3020 in
1107 2975 1159 3020 hoc
1175 2973 1258 3022 indice

138 3056 196 3089 cum
208 3055 315 3090 numero
327 3043 497 3091 remediorum
514 3048 679 3100 enumeraret,
698 3042 741 3088 sed
759 3055 817 3088 cum
834 3041 921 3087 eadem
938 3040 1058 3087 animalia
1074 3047 1178 3100 propter
1193 3038 1260 3088 alios·

136 3109 242 3157 morbos
250 3108 278 3156 in
286 3109 401 3171 sequenti
413 3122 516 3171 qnoque
527 3107 609 3156 indice
621 3107 753 3155 nominare
765 3107 873 3164 deberet,
885 3118 1018 3152 nnmerum
1035 3105 1202 3153 remediorum
1214 3106 1258 3154 iis-

136 3178 195 3224 dem
207 3175 359 3224 animalibus
370 3176 397 3223 in
409 3174 523 3237 sequenti
535 3175 600 3223 libro
612 3175 765 3223 tributorum
776 3173 803 3220 in
815 3173 866 3219 hoc
877 3172 959 3220 indice
971 3172 1055 3221 statim
1073 3174 1182 3221 adderet.
1217 3175 1258 3223 Ita

136 3241 234 3291 factum
247 3250 291 3303 cst,
304 3250 333 3292 ut
343 3243 425 3292 lector
435 3256 488 3290 uno
501 3242 593 3290 obtutu
613 3248 639 3288 et
650 3239 726 3289 huius
739 3247 764 3288 et
776 3239 902 3301 sequentis
913 3239 971 3288 libri
986 3239 1067 3288 indice
1083 3240 1196 3302 perlecto
1213 3255 1256 3289 co-

136 3317 277 3371 gnosceret,
290 3317 354 3372 quot
364 3309 503 3359 medicinae
515 3307 621 3370 singulis
632 3306 783 3356 animalibus
796 3309 950 3359 deberentur.
972 3307 1122 3369 „Apparent
1133 3315 1218 3356 autem
1230 3309 1256 3357 in

136 3375 177 3425 his
189 3377 300 3426 numeris
311 3377 388 3426 huius
399 3384 425 3425 et
437 3376 564 3440 sequentis
575 3374 632 3423 libri
645 3376 770 3437 permulta
781 3376 880 3435 menda,
898 3377 1013 3438 adeoque
1030 3375 1057 3422 in
1073 3375 1124 3424 illis
1136 3377 1256 3426 addendis
1346 3426 1349 3433 ,

135 3444 328 3506 redigendisque
339 3445 366 3492 in
377 3459 456 3492 unam
472 3457 598 3492 summam
613 3455 668 3491 sese
683 3442 767 3504 prodit
783 3443 943 3492 librariorum
959 3442 1137 3502 somnolentia,
1154 3457 1186 3491 ne
1203 3451 1254 3492 tur-

136 3525 195 3572 pem
206 3511 377 3572 ignorautiam
388 3511 508 3570 dicamus,
521 3517 550 3559 ut
561 3517 645 3559 essent
657 3510 701 3571 qui
714 3511 763 3559 tria
774 3517 799 3559 et
811 3510 859 3559 tria
878 3517 975 3571 septem
994 3508 1092 3558 efficere
1110 3510 1254 3558 scriberent.

136 3576 269 3637 Quaedam
284 3592 361 3641 porro
379 3579 471 3627 harum
487 3573 686 3626 mendarumex
701 3577 839 3626 collatione
856 3577 945 3626 indicis
962 3577 1093 3638 utriusque
1108 3577 1166 3624 libri
1178 3577 1254 3624 corri-

134 3651 237 3706 guntur,
247 3644 312 3694 aliae
320 3659 380 3694 vero
389 3645 417 3694 in
426 3652 536 3708 utroque
543 3645 701 3708 reperiuntur
710 3652 735 3693 et
744 3645 897 3693 aliarationc
907 3645 1033 3692 sanandae
1043 3642 1125 3692 sunt.”
1138 3641 1254 3691 Collato-

134 3726 174 3760 res
186 3711 237 3760 mei
250 3710 378 3763 Toletani.
415 3711 487 3772 Quae
503 3713 590 3761 omnia
606 3724 665 3760 cum
680 3726 734 3760 non
750 3714 915 3775 perpenderet
931 3711 1009 3761 Hard.
1027 3711 1157 3772 multaque
1174 3709 1201 3758 in
1213 3710 1254 3759 his

133 3779 249 3840 partibus
262 3786 287 3827 et
298 3779 375 3828 huius
393 3787 419 3829 ct
436 3781 563 3842 sequentis
580 3779 638 3828 libri
654 3779 767 3828 indicum
778 3780 931 3840 interpolata
942 3778 1044 3837 videret,
1057 3791 1099 3825 eas
1110 3785 1140 3824 ut
1151 3791 1254 3838 prorsus

133 3846 280 3896 subditicias
292 3847 421 3896 damnavit
433 3853 458 3895 et
474 3860 521 3896 suo
537 3847 597 3895 loco
615 3847 721 3895 omissas
733 3848 766 3894 ad
777 3847 872 3894 calcem
884 3851 1001 3892 notarum
1018 3844 1075 3892 libri
1092 3845 1192 3893 XXIX.
1210 3846 1253 3893 de-

132 3913 241 3976 scripsit.
275 3914 400 3976 Maguum
411 3928 471 3962 vero
482 3915 552 3962 hunc
563 3913 688 3975 taediique
699 3913 804 3976 plenum
814 3912 935 3972 laborem,
948 3913 980 3960 ad
992 3925 1068 3974 quem
1078 3912 1156 3958 modo
1169 3911 1253 3973 digitis

133 3981 274 4042 oculisque,
285 3995 339 4029 non
350 3981 444 4043 ingenii
456 3981 572 4029 acumine
584 3993 648 4041 opus
659 3978 716 4038 fuit,
727 3978 840 4027 Plinium
851 3980 927 4027 docto
939 3978 1016 4027 alicui
1025 3978 1116 4026 liberto
1128 3978 1169 4026 vel
1181 3993 1252 4027 servo

131 4049 268 4098 mandasse
279 4049 410 4111 probabile
421 4055 467 4107 est,
480 4061 538 4096 cum
549 4046 611 4110 ipsi,
623 4045 721 4095 homini
738 4045 764 4092 in
780 4044 895 4106 plurimis
910 4045 985 4096 rebus
1003 4045 1196 4106 occupatissimo
1221 4049 1253 4096 ad

131 4127 191 4162 enm
204 4116 389 4164 conficiendum
400 4117 444 4164 vix
457 4115 538 4163 otium
550 4120 700 4176 suppeteret.
737 4117 759 4161 9.
779 4112 846 4161 XX.
862 4110 926 4169 LII,
939 4114 971 4161 V.
991 4111 1091 4162 XXII.
1110 4112 1186 4173 LIV,
1198 4083 1252 4162 lld.
1346 4138 1350 4154 ι

133 4181 272 4242 XXIIII,
284 4183 338 4230 Ra
