2714 4710
146 287 208 352 104
495 301 698 349 urrunnnrs
720 299 915 349 merosus

142 456 209 534 los3
231 477 423 542 proxumum
445 454 577 540 spiritus
600 475 695 536 quem
710 449 829 518 Graeci
849 452 1015 536 nostrique
1037 452 1151 518 eodem
1166 474 1264 518 vocs-

142 556 219 622 bulo
241 580 316 622 aera
337 555 514 642 appellant,
537 553 666 619 vitalem
688 553 773 619 hunc
795 565 828 619 et
847 576 907 640 per
927 563 1043 618 cuncta
1062 575 1174 618 rerum
1194 576 1264 619 me-

142 657 261 724 abilem
283 668 412 741 totoque
433 664 635 732 consertum
672 654 768 737 huius
789 655 822 720 vi
843 676 1031 740 suspensam
1052 677 1127 720 cum
1147 665 1265 739 quarto

143 781 298 845 aquarum
321 757 478 823 elemento
499 754 608 822 librari
637 755 746 821 medio
768 756 852 842 spati
873 755 1029 821 tellurem.
1069 753 1121 820 Ita
1149 767 1264 822 mutuo
1278 774 1305 818 11

142 860 300 946 conplexu
329 855 524 922 diversitatis
552 855 637 920 effici
667 878 788 922 nexum
815 868 847 922 et
875 855 961 923 levia
986 854 1184 942 ponderibus
1210 855 1262 920 in-

141 960 244 1026 hiberi
266 981 329 1045 quo
350 958 455 1022 minus
478 956 624 1035 evolent,
655 967 828 1041 contraque
849 956 961 1044 gravia
981 979 1022 1021 ne
1043 966 1161 1034 ruant,
1189 979 1263 1022 sus·

141 1061 259 1147 pendi,
289 1059 415 1127 levibus
437 1058 471 1123 in
492 1057 627 1124 sublime
650 1056 864 1123 tendentibus.
908 1054 965 1123 Sic
985 1056 1056 1143 pari
1075 1057 1111 1122 in
1130 1057 1263 1123 diversa

140 1162 215 1227 nisu
235 1160 269 1226 in
291 1183 350 1227 suo
371 1181 518 1245 quaeque
540 1158 726 1236 consistere,
749 1158 928 1244 inrequieto
942 1157 1053 1222 mundi
1067 1157 1170 1244 ipsius
1184 1166 1263 1224 con-

142 1262 252 1328 stricta
270 1261 417 1339 circuitu,
441 1282 505 1345 quo
527 1281 654 1345 semper
673 1258 708 1322 in
730 1279 764 1324 se
786 1268 934 1324 currente
954 1257 1053 1324 imam
1071 1269 1170 1344 atque
1191 1281 1262 1326 me·

142 1362 228 1428 diam
249 1363 283 1427 in
306 1373 371 1428 toto
394 1372 512 1426 terram
534 1359 733 1445 eandemque
754 1358 905 1424 universo
926 1357 1056 1425 cardine
1079 1371 1166 1425 stare
1179 1382 1262 1446 pen-

141 1464 292 1542 dentem,
321 1461 491 1527 librantem
519 1484 578 1547 per
604 1482 687 1545 quae
708 1460 862 1545 pendeat,
889 1460 935 1524 ita
956 1460 1056 1526 solnm
1075 1459 1263 1528 inmobilem

142 1563 227 1629 circu
249 1585 320 1629 eam
341 1562 473 1630 volubili
494 1561 720 1640 universitate3
744 1560 942 1646 eandemque
957 1583 999 1626 ex
1012 1560 1162 1627 omnibus
1175 1560 1263 1627 necti

142 1665 311 1750 eidemque
337 1664 444 1732 omnia
469 1662 572 1728 inniti.
620 1660 679 1728 VI.
708 1661 797 1726 Inter
822 1661 906 1728 hanc
932 1662 1120 1747 caelumque
1147 1661 1262 1728 eodem
1276 1680 1307 1724 rs

142 1765 257 1853 spiritu
270 1767 412 1852 pendent
433 1764 528 1831 certis
550 1764 690 1829 discreta
708 1753 824 1849 spatiis
846 1772 970 1848 septem
991 1762 1097 1828 sidera
1118 1784 1203 1847 qnae
1218 1762 1262 1828 ab

141 1866 271 1932 incessu
284 1886 435 1931 vocamus
450 1864 599 1942 errantia,
615 1886 688 1929 cum
703 1873 810 1929 errent
818 1854 909 1929 'nulla
923 1864 1031 1929 minus
1043 1862 1117 1928 illis.
1137 1861 1263 1929 Eonnn

141 1965 266 2031 medius
290 1966 337 2031 sol
358 1965 471 2042 fertur,
493 1963 691 2051 amplissima
710 1963 932 2051 magnitudine
954 1987 993 2030 ac
1009 1973 1181 2052 potestate,
1201 1986 1264 2030 nec

143 2076 322 2153 temporum
335 2064 431 2131 modo
445 2075 665 2149 terrarumque
680 2065 737 2129 sed
752 2064 893 2130 siderum
907 2064 1004 2130 etiam
1021 2065 1166 2152 ipsorum
1187 2086 1262 2130 cae·

141 2167 229 2253 lique
256 2176 370 2233 rector.
412 2164 511 2230 Hunc
538 2187 610 2231 esse
637 2165 749 2230 mundi
775 2165 873 2231 totius
899 2165 1041 2231 animum
1068 2189 1107 2230 ac
1132 2165 1263 2250 planius
1277 2185 1309 2229 rs

141 2279 292 2346 mentem,
313 2267 400 2334 bunc
412 2266 588 2354 principale
609 2277 743 2331 naturae
764 2266 909 2353 regimen
929 2289 968 2333 ac
988 2288 1107 2332 numen
1126 2266 1262 2338 credere

142 2371 234 2438 decet
263 2392 361 2456 opera
389 2369 459 2436 eius
488 2366 707 2433 aestumantis.
750 2366 816 2432 Hic
840 2369 946 2434 lucem
975 2367 1072 2435 rebus
1099 2366 1262 2435 ministrat

174 2575 289 2641 spiritus,
305 2579 377 2639 bug.
403 2575 529 2639 spiritum,
545 2592 585 2627 ar.
613 2575 668 2640 spe,
685 2577 715 2626 P.
745 2575 810 2638 sp'c,
826 2575 931 2625 Robert.
956 2615 986 2624 ..
1008 2582 1155 2636 consertum,
1172 2575 1263 2639 Pabg

141 2641 271 2705 (Robert.)
301 2643 448 2706 consertum,
464 2644 533 2693 Tdr.
558 2685 589 2692 -
613 2640 694 2703 luins,
711 2644 800 2706 abdg.
817 2638 1129 2707 cuius,KPp(R0bsrt.)
1148 2681 1180 2691 ..
1199 2658 1261 2707 epu·

141 2709 179 2771 tii,
191 2711 250 2760 abd
255 2706 440 2772 gp‹(Robert.)
457 2710 543 2773 spatio,
554 2705 631 2774 Ρβγ.

174 2775 242 2838 §ln
261 2774 369 2838 levibus,
387 2777 488 2849 Pa²d²
504 2774 635 2839 (Robert.)
652 2777 740 2828 Omitt.
757 2778 876 2840 Tabdg.
899 2776 959 2826 Vid.
976 2777 1073 2827 Achill.
1089 2777 1147 2827 Tat
1164 2778 1261 2828 innon

939 2860 949 2898 i

139 2911 516 2976 adAratiphasnom.p.181.
537 2912 576 2962 cd.
595 2911 682 2962 Petav.
703 2954 734 2961 ..
753 2914 817 2974 nisu,
839 2913 864 2962 b.
891 2928 960 2972 mur,
981 2927 1003 2960 s.
1025 2911 1091 2973 niza,
1108 2913 1132 2960 d.
1151 2908 1217 2971 υἰειι,
1229 2910 1262 2961 P.

526 3005 549 3034 m

138 3046 188 3108 sui,
208 3061 234 3109 g.
261 3089 292 3097 -
316 3049 346 3098 in
367 3064 420 3109 suo,
440 3048 525 3098 'rem
560 3063 613 3109 suo,
633 3049 658 3097 d.
684 3048 709 3097 in
725 3063 780 3108 suc,
795 3048 843 3110 bg.
867 3047 894 3096 ci
907 3063 961 3107 ena,
977 3046 1021 3109 Pp
1037 3039 1208 3107 (Robcrtffl.
1227 3085 1261 3094 -

138 3128 220 3175 unum,
235 3116 265 3164 P.
290 3156 322 3164 ..
343 3124 423 3176 totam,
439 3117 469 3166 P.
488 3157 520 3166 ..
539 3122 639 3175 terram,
654 3115 763 3179 Pabgp
780 3110 912 3177 (Robert.)
930 3107 1192 3177 esseterram,e²ss7.
1205 3127 1263 3162 ecce
1318 3145 1321 3149 -

138 3191 271 3243 terrarum,
282 3185 306 3232 d.
318 3183 401 3232 Paulo
414 3184 516 3246 quidem
527 3183 653 3232 difficilior
664 3184 693 3233 fit
704 3182 786 3246 primo
799 3182 891 3231 obtutu
903 3181 984 3230 oratio
998 3181 1094 3230 omisso
1112 3180 1189 3229 verbi·
1200 3181 1262 3230 sub-

139 3248 240 3297 stantivi
252 3249 390 3310 infinitiv03
408 3252 548 3312 parendum
564 3258 651 3306 tamen
668 3250 717 3300 fuit
733 3250 835 3312 optimis
846 3249 925 3309 libris,
941 3263 999 3297 cum
1011 3262 1071 3296 vcra
1082 3261 1128 3297 eos
1139 3247 1262 3310 praebere

139 3315 264 3363 sententia
279 3329 382 3378 quoque
397 3315 447 3364 loci
464 3318 562 3365 doceat.
585 3319 652 3367 Num
667 3319 744 3367 verba
761 3317 833 3366 imam
849 3357 880 3365 -
898 3325 997 3376 terram,
1009 3315 1032 3364 si
1042 3315 1073 3364 iis
1085 3315 1187 3364 additur
1197 3328 1262 3375 esse,

138 3380 264 3444 spodosin
279 3381 392 3443 priorum
408 3383 542 3430 verborum
558 3382 679 3444 efficiunt,
696 3385 772 3448 idque
791 3385 889 3444 iniuria,
902 3398 961 3432 curn
973 3381 1082 3432 currenti
1098 3383 1195 3431 mundo
1206 3395 1263 3436 non

139 3449 322 3510 opponendum
341 3449 381 3507 sit,
403 3449 472 3509 quod
492 3456 558 3496 terra
578 3456 616 3497 est
635 3450 688 3500 ima
707 3458 732 3499 et
747 3452 839 3511 medin,
856 3452 900 3500 sed
917 3452 1056 3512 qnodstat
1074 3449 1143 3499 Hinc
1154 3457 1263 3512 appetet

138 3515 215 3563 verba
225 3514 272 3564 illa
282 3515 455 3578 parenthetica
467 3528 521 3564 esse
533 3518 663 3576 sumenda,
675 3523 704 3566 ut
715 3519 820 3568 minoris
831 3518 963 3578 momenti,
974 3531 1118 3581 pronomen
1129 3530 1190 3566 vero
1202 3531 1263 3566 eu»

139 3582 242 3644 demque
253 3597 307 3631 non
318 3597 373 3632 esse
384 3581 542 3630 referendum
555 3585 587 3631 ad
598 3592 666 3632 stare
673 3584 821 3649 pendentem,
834 3588 878 3636 sed
889 3588 922 3635 ad
934 3585 1052 3635 aninmo
1067 3584 1184 3646 sardae,
1199 3599 1263 3635 nam

138 3649 203 3699 illud
214 3664 324 3713 quoque,
337 3650 406 3712 qnod
417 3651 511 3711 pendet
521 3657 594 3710 terre,
606 3665 798 3703 nonsummum
810 3662 856 3713 est,
868 3655 912 3702 sed
924 3655 992 3715 qnod
1003 3654 1116 3715 pendens
1127 3659 1186 3711 stat,
1201 3666 1264 3703 cunr

139 3719 249 3766 mundus
269 3718 335 3766 circa
355 3731 412 3765 eam
431 3723 570 3765 moveatur.
596 3719 627 3768 In
641 3727 793 3770 'transcursu
809 3721 887 3783 igitur
904 3728 929 3769 et
945 3727 974 3769 nt
991 3720 1079 3768 omnia
1090 3733 1156 3783 quse
1167 3718 1264 3770 nsum

139 3792 219 3832 terrae
231 3791 256 3832 et
267 3784 354 3834 mnndi
367 3784 472 3837 dicenda
483 3792 554 3839 erant
565 3785 713 3847 dicerentur,
722 3788 821 3840 Plinius
830 3790 908 3838 verba
919 3787 991 3837 imam
1003 3826 1027 3834 -
1041 3784 1148 3837 cardine
1156 3787 1263 3848 addidit,

139 3865 198 3899 cnm
213 3852 246 3899 nd
261 3851 387 3900 rationem
402 3852 467 3901 moti
483 3852 571 3900 mnndi
587 3859 612 3901 et
629 3855 718 3903 utentis
734 3863 814 3904 terrac
829 3855 1007 3918 explicandum
1024 3853 1169 3906 sufficerent
1184 3855 1264 3905 vert·

136 3926 228 3967 terram
240 3927 307 3967 stare
314 3918 465 3982 pendentem
478 3920 636 3983 Praepositio
650 3919 676 3968 in
688 3929 747 3970 ante
758 3922 825 3971 univ.
837 3919 909 3972 card.
922 3923 1016 3970 omissa
1026 3920 1149 3970 facillime
1160 3935 1175 3970 e
1186 3935 1263 3984 snpe-

136 3984 244 4034 rion'bus
256 3985 389 4047 suppletur
400 3984 462 4048 (vid.
475 3989 507 4036 ad
519 3993 560 4048 32,
574 3984 618 4048 8.),
631 3996 656 4038 et
667 3989 766 4039 Plinius
778 3990 880 4053 proprie
892 3989 974 4038 dicare
986 3989 1093 4039 debebat
1105 3989 1178 4039 imam
1188 3997 1263 4052 utque

136 4050 240 4100 mediam
252 4050 278 4102 in
289 4061 334 4101 toto
346 4062 436 4105 terram
449 4052 598 4118 eandemque
611 4055 647 4103 im
653 4073 697 4104 am
709 4064 802 4118 atquc
814 4056 938 4107 medium
951 4055 982 4103 in
995 4054 1063 4104 univ.
1072 4056 1152 4117 card,
1161 4070 1213 4119 qno
1221 4063 1264 4106 ts·

136 4132 195 4167 men
215 4134 268 4167 non
289 4134 354 4183 opus
373 4120 450 4172 fuisse
471 4122 552 4184 quivis
572 4121 697 4173 fatebitur.
724 4164 755 4172 ..
783 4124 907 4183 univero,
934 4123 1111 4186 Tabdgprc.
1139 4122 1263 4184 univers,

137 4185 254 4236 Sabellio.
269 4181 319 4250 βγ,
343 4190 413 4250 quod
438 4188 547 4251 praefert
569 4190 623 4239 Ian.
649 4191 676 4238 in
698 4191 794 4241 diurnis
809 4193 888 4255 antiq.
908 4196 980 4240 1849.
997 4206 1035 4239 nr.
1054 4195 1093 4239 ts.
1111 4205 1137 4253 p.
1155 4196 1213 4240 461.
1232 4191 1262 4241 in

137 4255 257 4314 aniverso,
270 4254 297 4312 P,
317 4259 387 4318 quod
398 4255 504 4312 sortasse
517 4257 719 4318 praeferendum
732 4260 780 4307 vid.
794 4261 880 4308 adnot
892 4259 1007 4322 prsmd.
1028 4297 1059 4306 ..
1079 4258 1261 4322 utrmque,
