2714 4710
140 276 159 338 8
486 289 690 335 utrumme
713 288 908 336 rusronrua

139 441 293 519 barbaris,
317 442 413 504 etiarn
436 464 509 505 cum
530 441 658 505 honoris
680 439 879 525 praefatione
894 438 1061 524 ponendis.
1084 436 1258 503 Praeterea

138 551 199 614 iter
222 560 356 614 estnon
379 550 453 613 trita
474 549 658 614 auctoribus
680 550 733 614 via
753 572 813 613 nec
836 569 899 631 qua
919 546 1117 634 peregrinari
1131 546 1258 612 animus

139 669 280 744 expetat.
316 657 419 722 Nemo
440 658 528 744 apud
548 681 618 737 nos,
642 658 697 741 qui
718 658 804 722 idern
826 657 1039 742 temptaverit,
1061 678 1155 722 nemo
1170 657 1258 742 apud
1273 675 1304 718 14

72 845 81 854 ι
140 765 294 845 Graecos,
324 768 379 851 qui
405 791 489 832 unus
517 768 622 831 omnia
650 757 688 831 ea
710 767 902 832 tractaverit.
946 764 1069 852 Magna
1089 788 1164 851 pars
1186 775 1257 831 stu-

139 877 265 942 diorum
291 877 497 941 amoenitates
526 877 726 959 quaerimus3
755 897 837 959 quae
863 897 941 939 vero
969 884 1104 939 tractata
1124 874 1164 941 ab
1186 874 1258 961 aliis

139 985 290 1050 dicuntur
310 986 473 1050 inmensae
496 985 691 1062 subtilitatis,
719 984 864 1049 obscuris
890 1006 999 1048 rerum
1020 972 1159 1049 tenebris
1180 1004 1257 1069 pre-

138 1106 278 1160 muntur.
315 1094 385 1158 Iam
407 1095 513 1160 omnia
534 1094 722 1181 attingenda
744 1116 826 1177 quae
849 1089 969 1157 Gracci
989 1095 1042 1176 τῆς
1064 1093 1258 1174 trisulcam-

140 1205 222 1274 δείας
242 1214 369 1282 vocant,
393 1214 426 1268 et
448 1215 553 1268 tamen
574 1204 686 1291 ignota
707 1213 762 1267 aut
783 1203 905 1267 incerta
924 1202 1063 1298 ingeniis
1077 1201 1173 1281 facta,
1196 1202 1259 1267 alia

139 1338 215 1380 vero
241 1316 287 1380 ita
313 1314 421 1380 multis
448 1312 575 1398 prodita
601 1322 638 1376 ut
663 1313 697 1377 in
724 1311 889 1376 fastidium
915 1295 978 1375 sint
987 1292 1147 1376 ⁷adducta.
1191 1311 1258 1378 Res
1272 1337 1303 1382 15

139 1424 239 1488 ardua
260 1425 395 1489 vetustis
416 1422 592 1485 novitatem
615 1421 702 1498 dare,
730 1421 822 1485 novis
844 1421 1077 1499 auctoritatem,
1103 1421 1258 1489 obsoletis

138 1532 292 1610 nitorem,
327 1530 471 1597 obscuris
498 1533 618 1608 lucem,
654 1529 804 1594 fastiditis
831 1528 982 1616 gratiam,
1015 1529 1121 1595 dubiis
1147 1529 1256 1608 fidem,

140 1642 287 1707 omnibus
309 1662 384 1705 vero
405 1649 552 1705 naturam
574 1649 607 1703 et
627 1648 759 1703 naturae
782 1661 858 1733 suae
881 1639 1001 1717 omnia3
1029 1639 1122 1704 nobis
1148 1641 1269 1723 itaque·

140 1753 237 1817 etiam
257 1773 321 1815 non
342 1750 515 1827 adsecutis,
538 1750 677 1814 voluisse
692 1747 819 1812 abunde
835 1747 1005 1832 pulchrum
1019 1758 1116 1832 atque
1128 1733 1257 1837 magni-

138 1860 237 1925 ficum
259 1869 316 1924 est.
345 1858 507 1940 Equidem
528 1859 573 1922 ita
595 1858 718 1934 sentio,
730 1858 924 1942 peculiarem
945 1858 978 1921 in
1001 1857 1113 1923 studiis
1129 1879 1259 1930 causam
1273 1882 1302 1926 re

141 1973 252 2033 eorum
274 1989 344 2033 esse
367 1969 422 2051 qui
444 1966 684 2031 difficultatibus
706 1967 799 2031 victis
821 1966 991 2038 utilitatem
1011 1965 1142 2032 iuvandi
1159 1945 1272 2053 {ii-'ae-¹

140 2079 287 2168 tulerunt
303 2077 425 2164 gratiae
447 2074 605 2161 placendi,
628 2076 726 2158 idque
747 2076 811 2139 iam
834 2085 867 2140 et
887 2075 921 2141 in
935 2076 1005 2141 aliis
1020 2076 1171 2162 operibus
1185 2077 1258 2163 ipse

140 2187 204 2252 feci
231 2195 264 2252 et
289 2185 440 2272 profiteor
466 2185 574 2249 mirari
601 2183 639 2248 Τ.
666 2183 798 2250 Livium
824 2194 988 2250 auctorem
1016 2186 1259 2267 celeberrimum

138 2296 173 2361 in
193 2296 397 2361 historiarum
425 2317 564 2373 suarum,
594 2316 672 2378 quas
699 2294 818 2380 repetit
839 2294 879 2359 ab
902 2294 1026 2381 origine
1047 2294 1147 2374 urbis,
1175 2317 1259 2379 quo-

140 2405 214 2470 dam
235 2406 395 2477 volumine
417 2405 463 2470 sic
485 2427 602 2482 orsum,
627 2404 704 2468 satis
725 2404 789 2467 iam
811 2403 872 2468 sibi
893 2403 1213 2491 gloriaequaesitum
1226 2416 1260 2471 et

174 2551 258 2614 etiam,
271 2557 287 2604 d
304 2549 445 2666 §Murbacd
463 2552 590 2603 Omittunt
602 2544 745 2617 abPAryl.
757 2588 792 2596 --
804 2559 861 2611 tum,
878 2546 893 2597 l
911 2567 1015 2603 amanu
1032 2567 1081 2611 sec.
1093 2590 1128 2599 -
1145 2551 1260 2615 intereat,

140 2615 300 2697 adePda
323 2657 329 2681 ‚
348 2623 418 2696 quod
435 2618 548 2668 defendit
563 2621 641 2669 Ianus
657 2620 674 2667 l.
686 2619 705 2668 l
722 2632 746 2681 p.
761 2624 865 2697 455⁹?ss
885 2633 972 2680 quare,
987 2613 1153 2696 ΙΙΙΙΙΡΔηλ.
1164 2657 1200 2667 -
1213 2635 1259 2684 pe·

141 2702 275 2819 ἒοὲἑιῶιιένξ)
299 2686 549 2817 1οὲιπῗρέίιθιῖ,εἰςΙΙοοειΙ
560 2681 583 2734 l.
601 2723 636 2731 ..
652 2701 764 2745 animus,
784 2692 879 2734 omrttrt
896 2679 924 2734 Δ.
946 2700 1033 2747 animi,
1046 2682 1070 2736 l.
1086 2725 1120 2733 ..
1137 2693 1259 2751 expectet,

175 2844 190 2906 ξ
213 2852 252 2896 14.
280 2843 333 2906 vos}
353 2847 377 2895 b.
389 2882 424 2890 -
437 2845 482 2907 qui
502 2844 575 2905 idem,
595 2846 735 2895 Rhenanus
751 2847 776 2895 b.
799 2844 907 2908 quidem,
925 2839 1055 2912 adeutl
1074 2843 1261 2908 (Murbac.)..

142 2912 315 2977 temptaverit,
336 2906 384 2962 ad.
406 2913 576 2976 attemptavit,
597 2909 643 2978 ηλ.
656 2951 690 2959 ..
703 2913 794 2973 omnia,
816 2915 938 2962 omittunt
954 2913 1043 2963 Ambr.
1059 2914 1094 2962 Π.
1115 2913 1214 2963 Iovian.
1226 2950 1261 2958 ..

142 2980 304 3041 tractaverit,
314 2974 424 3031 abdat.
439 2980 572 3042 tractavit,
584 2996 609 3046 η.
623 2980 798 3039 attentaverit,
809 2982 839 3030 Ρ.
857 2981 926 3029 Huic
941 2981 999 3028 voci
1016 2982 1112 3031 addunt
1130 2979 1261 3028 iuvenitur

140 3050 167 3099 Κ
179 3047 280 3112 (Ambr.
292 3051 327 3099 Π.
339 3045 458 3110 loriam),
477 3051 546 3111 quod
558 3065 616 3098 cum
628 3049 745 3098 omnibus
755 3049 818 3097 meis
834 3050 908 3097 codd.
920 3048 1043 3096 omittunt
1054 3047 1144 3097 Ambr.
1155 3048 1177 3097 Ι.
1189 3049 1260 3098 Mur·

141 3118 196 3166 bac.
208 3156 243 3163 -
255 3125 377 3177 tractata,
389 3119 457 3182 bdry.
472 3125 566 3177 tracta,
583 3110 661 3167 Pal.
673 3153 708 3161 ..
720 3113 783 3176 illia,
800 3117 830 3165 P.
844 3154 878 3161 ..
890 3113 1019 3176 dicuutur,
1037 3116 1132 3164 omittit
1144 3108 1173 3164 Δ.
1190 3151 1217 3160 ..
1232 3113 1260 3162 ia

142 3184 260 3245 tenebris,
273 3186 319 3233 bd.
332 3221 367 3229 -.
377 3183 427 3244 Aa,
438 3177 612 3249 dequl.
628 3223 655 3231 -
670 3184 720 3246 τῆς
730 3177 979 3247 ἐγκυκλοπαιδείας,
992 3183 1016 3231 b.
1036 3190 1073 3230 tes
1085 3179 1260 3246 encycliopae-

143 3248 211 3311 diae,
228 3254 252 3300 d.
272 3251 367 3298 teseaei
384 3248 532 3313 diapediaa,
548 3245 572 3299 t.
591 3248 852 3314 theaeaeydiopedias,
869 3242 897 3298 Δ.
915 3246 1150 3312 theaeidopaedt'ae,
1161 3250 1192 3299 P.
1210 3243 1262 3306 τὰς

143 3312 397 3381 ἐγκυκλοπαιδείας,
421 3318 547 3365 Barbarus
564 3312 593 3378 β.
609 3358 638 3365 -
652 3317 761 3381 iayeaii,
778 3319 852 3367 Ρ.-
865 3316 1014 3380 fastiyium,
1036 3312 1060 3364 λ.
1075 3355 1104 3364 ..
1119 3315 1188 3374 siat,
1209 3309 1259 3365 Δλ.
1308 3312 1310 3318 ’

142 3379 229 3444 (codd.
241 3380 398 3443 Retronici.)
423 3384 551 3434 Omittunt
561 3385 674 3449 dePa
688 3383 814 3446 (Murbac.
826 3386 916 3434 Ambr.
929 3380 963 3444 I.)
978 3424 1006 3432 ..
1022 3380 1148 3448 adducta,
1161 3378 1259 3448 brat.

143 3447 229 3509 ducta,
241 3444 269 3497 Δ.
282 3447 453 3509 adducantur,
466 3451 510 3499 Tu
522 3447 624 3512 (Ambr.
636 3449 685 3510 IL)

176 3540 245 3605 §ja
264 3549 382 3589 naturam
395 3549 419 3589 et
431 3550 550 3590 naturam
562 3557 642 3602 auam,
655 3543 720 3592 Td¹.
734 3551 758 3589 et
771 3554 880 3592 naturae
893 3561 949 3606 sua,
960 3545 1104 3594 Durandus.
1117 3584 1148 3591 -
1159 3544 1260 3602 omnim

143 3609 223 3670 aubia,
235 3610 382 3660 Rhenanus.
396 3607 517 3667 amnibus,
527 3607 611 3658 Thus
620 3607 759 3671 (Murbac.)
773 3612 840 3672 unia,
852 3614 889 3660 (1².
902 3611 960 3670 vim,
973 3604 1087 3676 ΔΡηλῐ.
1101 3610 1194 3671 amaia,
1205 3606 1258 3674 βγ.
1303 3616 1306 3622 “

144 3717 174 3726 ..
188 3678 284 3740 itaque,
296 3678 343 3725 bd.
356 3676 484 3726 Omittunt
496 3671 552 3730 ΔΡ.
567 3717 596 3724 -
610 3677 746 3741 assecutis,
758 3672 846 3729 ‹1²AP.
865 3679 991 3739 assecuti,
1003 3679 1028 3728 b.
1042 3677 1162 3738 assuetis,
1175 3680 1213 3728 d¹.
1228 3717 1257 3729 .-

144 3740 265 3803 veiuisse,
278 3747 302 3793 d.
315 3740 433 3803 soluisse,
445 3737 523 3793 de.
532 3785 559 3791 -
571 3742 741 3807 praeclarum,
753 3748 784 3795 Ρ.
794 3787 821 3794 -
830 3762 953 3810 mayaum,
964 3747 990 3796 K
1002 3743 1089 3808 (codd.
1100 3743 1260 3806 huronici.)

177 3825 192 3886 ἓ
206 3817 245 3875 1”6.
264 3828 338 3887 uictis,
351 3828 390 3875 bd
402 3824 527 3888 (Murbac.
541 3828 630 3877 Ambr.
643 3831 663 3879 Ι.
676 3831 711 3879 Π.
724 3830 767 3879 alii
779 3833 848 3893 apud
858 3827 983 3891 Retron.)
996 3830 1058 3890 vica,
1069 3823 1090 3876 Δ
1103 3826 1142 3891 (V
1142 3827 1260 3890 alliccll.)

144 3895 210 3955 viris,
231 3895 261 3943 P.
284 3933 309 3942 ..
329 3893 433 3954 utilitati,
454 3891 482 3944 Δ.
504 3935 532 3944 -
551 3896 671 3959 iuvandis,
693 3898 724 3947 T.
744 3937 767 3945 -
790 3898 953 3962 praetulerint,
974 3892 1003 3946 Δ.
1019 3935 1048 3944 -
1061 3898 1165 3962 aradae,
1187 3898 1260 3948 de.

142 3963 233 4026 qratia,
245 3963 276 4011 T.
288 3962 400 4027 qratiam,
413 3958 442 4010 Δ.
457 4003 485 4010 -
501 3965 550 4014 iam
562 3966 593 4025 ia,
605 3966 635 4014 P.
652 4005 678 4012 -
693 3960 786 4026 mirari,
798 3962 861 4015 bdd
879 3963 1005 4027 (Murbac.
1023 3963 1113 4013 Ambr.
1125 3965 1147 4014 1.
1159 3961 1209 4026 Π.)
1227 3982 1263 4015 me

144 4029 237 4088 mirari,
257 4030 287 4078 P.
309 4031 398 4079 mirari
420 4048 462 4090 me,
478 4027 528 4094 βγ,
556 4071 582 4080 ..
613 4032 651 4092 Τ.,
668 4033 808 4084 Rhenanus
830 4029 859 4081 Δ.
883 4041 912 4093 et,
937 4034 976 4082 bd
997 4028 1138 4093 (Murbac.)
1160 4030 1262 4082 Omittit

144 4097 173 4147 P.
200 4137 228 4143 -
255 4099 322 4157 satis,
347 4093 376 4145 Δ.
402 4097 529 4148 Omittunt
552 4100 625 4160 Tbrl,
654 4115 721 4162 pone
744 4101 791 4150 sibi
812 4101 924 4151 collocat
934 4102 964 4150 P.
986 4138 1013 4147 ..
1035 4100 1140 4164 potuisse
1156 4117 1190 4162 re,
1207 4101 1260 4150 Tb.

142 4164 220 4231 potius
236 4181 294 4224 sese,
307 4165 358 4213 dP.
366 4167 444 4237 potius
460 4183 492 4226 se,
505 4163 550 4214 dr.
570 4209 592 4215 -
610 4168 724 4227 desidere,
742 4169 806 4217 le.
820 4167 967 4227 desiderare,
979 4163 1062 4216 ΔΡᾱ2
1074 4163 1138 4228 (tres
1148 4167 1207 4218 libn'
1219 4181 1261 4216 ve·
