2714 4710
164 275 227 340 428
518 291 723 339 unwanus
744 290 940 340 msuomsn

163 444 198 507 in
212 444 274 507 hoc
288 453 404 520 tractu,
426 443 602 528 potentiam
617 443 856 525 claritatemque
870 444 1070 508 antecedunt
1085 444 1208 524 Prasii,
1230 469 1290 510 am·

164 545 311 631 piissima
337 544 418 608 urbe
445 544 665 627 ditissimaque
689 542 895 622 Palibothra,
923 545 1013 608 unde
1036 545 1174 628 quidam
1195 547 1291 632 ipsam

165 656 297 730 gentem
316 643 516 709 Palibothros
537 655 665 722 vocant,
687 645 784 709 immo
804 666 882 708 vero
904 654 1046 709 tractum
1067 646 1292 711 universuma

168 743 296 833 Gange.
319 745 402 831 Regi
422 768 531 809 eorum
546 745 692 831 peditum
711 765 754 808 nc
767 767 803 822 rr,
825 744 969 827 equitum
989 768 1066 808 xxx
1080 769 1119 824 u,
1145 747 1291 832 elephan-

167 857 271 911 torum
292 868 328 908 1x
351 869 376 907 x
401 868 460 930 per
486 846 589 910 omnis
617 846 686 910 dies
707 844 962 930 stipendiantur,
990 847 1082 911 unde
1106 847 1290 912 coniectatio

166 948 281 1033 ingens
302 969 400 1030 opum
421 957 481 1009 ost.
510 946 565 1010 Ab
586 947 637 1011 his
658 946 692 1010 in
712 945 862 1010 interiore
885 947 949 1009 situ
963 943 1131 1012 Monedes
1155 959 1187 1013 et
1202 945 1326 1015 suario

167 1069 304 1130 quorum
324 1069 417 1109 mons
438 1045 583 1123 Maleus,
606 1047 640 1109 in
661 1067 725 1128 quo
745 1045 879 1110 umbrae
900 1047 942 1109 ad
964 1049 1221 1132 septentrionem
1240 1071 1289 1113 ea-

167 1147 248 1210 dunt
269 1146 384 1223 hieme,
408 1158 529 1210 aestate
550 1147 584 1209 in
605 1157 760 1224 austrum,
782 1168 841 1231 per
862 1168 957 1211 senos
978 1170 1123 1213 menses.
1156 1148 1288 1234 Septen-

168 1249 288 1313 triones
308 1271 346 1312 eo
367 1260 471 1312 tractu
486 1248 584 1312 semel
596 1249 630 1311 in
644 1270 727 1311 anno
740 1247 906 1332 adparere,
929 1271 990 1312 nee
1010 1250 1075 1313 nisi
1099 1273 1152 1314 xv
1171 1251 1288 1328 diebus,

167 1349 292 1415 Baeton
315 1360 508 1426 auctorest,
530 1350 590 1414 hoc
611 1348 698 1412 idem
719 1349 865 1434 pluribus
887 1349 965 1415 locis
985 1350 1104 1415 Indiae
1126 1352 1198 1416 fieri
1217 1351 1286 1417 Me-

166 1452 354 1538 gasthenes3
388 1452 568 1515 austrinum
595 1451 706 1536 polum
733 1449 806 1514 Indi
833 1451 986 1516 Diamasa
1014 1464 1147 1518 vocant.
1179 1454 1288 1517 Amnis

166 1552 315 1616 Iomanes
343 1552 376 1616 in
406 1550 545 1639 Gangen
574 1575 631 1637 per
659 1552 862 1618 Palibothros
889 1553 1034 1617 decurrit
1062 1555 1151 1618 inter
1176 1555 1289 1641 oppida

167 1651 319 1718 Methora
340 1667 373 1717 et
395 1644 609 1736 Chrysobora.
632 1653 666 1715 A
688 1649 804 1739 Gange
825 1675 919 1716 versa
940 1654 982 1717 ad
1002 1654 1177 1720 meridiem
1194 1657 1327 1743 plagato

167 1755 336 1841 tingtmtur
363 1754 428 1818 sole
454 1753 582 1839 populi,
610 1754 674 1816 iam
701 1752 831 1836 quidem
856 1753 982 1831 infecti,
1010 1755 1161 1820 nondum
1186 1767 1287 1821 tamen

167 1854 369 1938 Aethiopum
390 1854 485 1918 modo
507 1853 631 1931 exusti3
653 1863 809 1937 quantum
829 1854 871 1916 ad
884 1852 1001 1918 Indum
1022 1856 1197 1935 accedunt,
1220 1867 1287 1920 tan·

167 1966 236 2018 tum
255 1956 360 2019 colore
380 1955 569 2039 praefertmt
587 1954 686 2018 sidus.
707 1953 808 2018 Indus
823 1953 931 2018 statim
945 1977 965 2017 a
978 1954 1171 2021 Prasiorum
1183 1968 1287 2046 gente,

166 2077 302 2139 quorum
323 2055 357 2119 in
377 2056 537 2120 montanis
559 2054 717 2142 Pygmaei
741 2055 919 2120 traduntur.
951 2056 1183 2124 Artemidorus
1209 2059 1289 2122 inter

166 2158 247 2221 duos
269 2156 372 2221 amnis
393 2159 444 2215 ῖῑι
465 2180 490 2220 n
510 2180 543 2242 p.
565 2157 721 2221 interesse
743 2157 849 2221 tradit.

208 2256 292 2322 XX
322 2258 373 2320 23.
395 2255 507 2334 Indus,
530 2257 642 2322 incolis
658 2255 768 2320 Sindis
788 2257 979 2341 appellatus,
1000 2260 1036 2322 in
1057 2260 1138 2348 iugo
1155 2259 1325 2326 Caucasia

166 2358 285 2423 montis
306 2357 394 2441 quod
414 2369 548 2423 vocatur
566 2356 782 2441 Paropanisus
804 2356 958 2422 adversus
979 2359 1057 2424 solis
1079 2371 1187 2426 ortum
1207 2362 1288 2427 effu-

167 2481 238 2536 sus,
268 2469 301 2523 et
326 2459 396 2544 ipse
422 2482 480 2522 x1x
505 2457 623 2543 recipit
652 2456 771 2534 amnia,
801 2458 859 2522 sed
887 2457 1081 2525 clarissimos
1110 2461 1290 2548 Hydaspen

166 2568 318 2643 quattuor
339 2559 417 2621 ahos
439 2558 648 2635 adferentem,
673 2554 852 2622 Cantabam
870 2559 937 2635 tris,
960 2582 1019 2643 per
1043 2584 1079 2626 se
1100 2585 1178 2628 vero
1198 2563 1289 2628 navi-

166 2658 283 2744 gabilis
298 2658 475 2722 Acesinum
490 2658 709 2743 et·Hypasim,
731 2660 868 2741 quadam
887 2670 993 2724 tamen
1007 2684 1165 2745 aquarum
1177 2665 1287 2729 mode-

167 2759 228 2822 stia
249 2780 407 2841 nusquam
427 2759 521 2825 latior
542 2783 560 2822 1.
583 2759 695 2823 stadiis
717 2770 772 2823 aut
793 2759 886 2825 altior
906 2783 951 2824 xv
972 2763 1135 2847 passibus,
1157 2765 1287 2851 amplis-

197 2969 329 3032 potentiam
345 2967 537 3032 claritatemque,
549 2969 574 3017 R
586 2964 678 3028 (Rob.)
699 2966 808 3031 potentia
823 2966 994 3032 claritateque,
1007 2975 1060 3022 Td.
1080 3015 1111 3022 -
1128 2973 1221 3036 Prasii,
1237 2978 1289 3028 vid.

165 3037 255 3099 Steph.
266 3038 329 3099 Bya.
342 3054 362 3086 s.
375 3038 400 3085 h.
413 3053 437 3085 v.
461 3034 543 3095 Farsi,
556 3038 628 3085 RTd
641 3033 733 3097 (Rob.)
752 3076 783 3083 .-
806 3035 947 3099 Palibotra,
962 3033 984 3099 β
1001 3038 1107 3103 semper'.
1127 3082 1156 3090 -
1175 3042 1288 3106 peditam

164 3104 227 3164 LX,
239 3105 320 3155 Solin.
335 3145 366 3152 ..
384 3102 561 3167 stipendantar,
573 3103 637 3151 Rob.
658 3144 689 3150 -
708 3103 828 3164 coniectio,
841 3106 905 3153 Rob.

199 3170 213 3230 ᾖ
227 3178 267 3220 69.
286 3173 334 3229 lis,
347 3175 369 3220 d.
388 3171 427 3230 iis,
439 3167 518 3233 Rssy.
538 3211 569 3218 ..
587 3168 694 3229 Maleus,
706 3171 756 3218 vid.
769 3170 849 3220 Soliu.
865 3178 903 3232 52,
918 3179 957 3222 13.
970 3182 996 3222 et
1007 3176 1125 3225 Martian.
1140 3183 1162 3236 6,
1176 3181 1236 3226 694.
1257 3219 1287 3227 .-

164 3238 196 3293 in,
209 3239 290 3286 omitt.
303 3241 356 3287 Rd.
373 3239 411 3287 At
422 3240 518 3287 locutio
531 3239 556 3287 in
569 3253 631 3287 anna
642 3238 726 3285 Plinio
737 3237 868 3288 familiaris
880 3248 918 3289 est
928 3257 974 3303 pro
987 3258 1074 3291 onnuo
1087 3244 1181 3306 spati03
1198 3246 1251 3294 vid.
1264 3253 1286 3307 2,

166 3310 222 3354 185.
235 3311 259 3363 4,
272 3310 312 3353 89.
326 3311 349 3364 6,
364 3311 402 3353 58.
418 3312 456 3364 11,
471 3311 510 3353 59.
524 3312 580 3354 196.
600 3346 631 3353 ..
645 3304 751 3366 Baeton,
763 3321 786 3352 V.
800 3306 881 3355 Geier.
894 3310 988 3371 scriptt.
1001 3311 1080 3360 Alex.
1092 3312 1128 3360 M.
1140 3326 1165 3374 p.
1178 3316 1237 3362 371.
1256 3354 1285 3361 -

164 3370 297 3432 Diamasa,
309 3372 418 3430 Bohleu,
432 3373 478 3420 das
490 3372 540 3420 alte
552 3373 639 3421 Indien
652 3379 674 3432 2,
688 3379 744 3421 211.
772 3370 883 3434 damaso,
896 3375 919 3422 d.
938 3375 1077 3436 Dramasa,
1090 3373 1170 3442 Rfir.
1189 3421 1221 3428 -
1243 3395 1287 3442 per

167 3435 275 3503 Ganqen,
288 3442 319 3489 11.
359 3457 384 3487 er
399 3439 489 3502 Ganpe,
502 3443 526 3489 d.
546 3483 577 3489 ..
596 3438 699 3499 Etbora,
712 3441 765 3489 Ta.
781 3481 812 3489 -
838 3439 1151 3505 Chrysobora‚Bohlen.l.
1164 3448 1181 3495 1.
1196 3454 1218 3509 1,
1231 3455 1285 3498 239.

166 3504 311 3571 Chrysobon,
328 3457 357 3554 (i)
377 3505 548 3567 Cbarisobora,
561 3510 640 3558 RTd.
662 3504 826 3569 Cyriooborca‚
838 3503 867 3568 β.
890 3508 1114 3571 Clisobora‚Hard.
1128 3528 1153 3577 r.

198 3573 212 3633 ἓ
228 3578 266 3625 70.
286 3574 409 3637 inpantnr,
421 3576 456 3622 111
470 3572 541 3634 (cum
553 3592 639 3624 rasura
651 3575 724 3623 unius
736 3576 834 3624 litterae
846 3577 918 3625 initio
930 3576 1019 3637 verbi.)
1036 3581 1180 3642 iunyantar,
1192 3583 1237 3631 R2'.
1257 3624 1286 3631 ,
1306 3614 1309 3623 =

163 3640 263 3691 colorem
275 3643 368 3691 omisso
380 3640 457 3703 sidus,
469 3644 500 3691 Τ.
527 3643 700 3705 sidaspariter
713 3645 840 3692 omllob.
868 3685 899 3692 ..
926 3645 1052 3707 montibus,
1065 3648 1089 3695 d.
1109 3688 1141 3696 ..
1162 3648 1286 3710 interesse,

165 3726 215 3758 om.
228 3711 294 3758 Rob.

197 3780 211 3839 ξ
226 3782 265 3826 71.
284 3775 368 3835 Indis,
380 3778 424 3825 R2.
449 3818 480 3825 -
504 3776 587 3825 incolis
605 3775 707 3836 Sindus,
720 3770 769 3824 θΤ
782 3774 868 3838 (codd.
881 3778 988 3829 Salmas.
1001 3796 1083 3830 exerc.
1097 3798 1121 3844 p.
1136 3789 1194 3832 699.
1206 3787 1230 3833 b.
1244 3783 1285 3845 E.)

164 3842 250 3893 incolis
260 3843 347 3905 Indus,
356 3846 408 3893 Rd.
422 3843 523 3894 Sandas
533 3847 563 3892 ab
573 3843 666 3902 inentia,
675 3839 707 3904 β,
721 3849 788 3906 quod
797 3848 889 3907 probat
897 3848 1047 3909 Wessoling.
1058 3852 1091 3898 ad
1100 3851 1183 3900 itiner.
1194 3868 1218 3914 p.
1231 3856 1284 3902 710.

164 3908 273 3972 Sinthos,
287 3911 394 3961 Salmas.
415 3952 442 3960 ..
463 3910 640 3975 Paropanisus,
652 3912 697 3960 Rd
710 3908 801 3973 (Rob.)
820 3912 1010 3977 Paropanisus,
1022 3911 1072 3980 βγ.
1092 3957 1122 3965 -
1142 3918 1286 3983 Hydaspen,

163 3977 195 4025 11.
214 3979 343 4042 Hyrapen,
356 3982 379 4027 d.
402 3977 543 4043 Scidaspen,
556 3980 621 4028 Rob.
646 4020 677 4028 ..
703 3977 846 4041 Cantabam,
859 3983 911 4031 Rd.
936 3980 1154 4048 οαιι1αὸναηι,βγ.
1174 4027 1205 4034 ..
1231 3987 1285 4048 tris,

164 4042 218 4092 Rd.
247 4088 277 4094 ,.
304 4046 503 4103 Acesinam,Rd.
531 4087 561 4095 .-
588 4045 732 4111 Hysepbim,
744 4049 776 4096 11.
802 4048 928 4112 Hysepim,
941 4051 965 4099 d.
985 4093 1016 4099 -
1039 4051 1190 4113 modestiam,
1203 4057 1235 4104 R.
1256 4097 1284 4103 -

164 4105 218 4156 alia
228 4112 323 4173 minore,
333 4114 386 4162 Rd.
405 4114 480 4163 aliam
489 4113 610 4175 minorem,
622 4110 672 4178 βγ.
685 4156 715 4163 -
728 4114 825 4176 Patale,
837 4118 940 4166 Barbar.
954 4119 977 4165 (1.
996 4117 1110 4181 Patbale,
1123 4122 1155 4169 11.
1174 4121 1285 4182 Pactale,

165 4172 258 4224 Sabell.
276 4178 407 4240 Patalene,
417 4182 526 4243 suspicio
537 4183 680 4232 Tzschuck.
693 4191 744 4232 not.
757 4197 829 4246 exeg.
842 4187 874 4233 ad
885 4187 946 4234 Mel.
959 4186 1007 4236 ΠΙ.
1021 4189 1043 4246 7,
1056 4193 1079 4236 8.

200 4243 266 4303 572.
287 4242 337 4307 GL,
350 4248 431 4297 R'l'd.
450 4246 511 4310 XL,
523 4243 551 4309 β.
571 4290 602 4299 -
619 4248 785 4314 paucissimis,
797 4267 816 4300 r.
837 4291 866 4300 -
886 4268 1008 4316 oceanum,
1019 4253 1050 4303 R.
1069 4294 1101 4303 -
1121 4272 1191 4320 orae,
1203 4259 1236 4308 R.
1260 4258 1286 4307 in
