2714 4710
155 289 196 354 42
502 304 705 352 neruoram
728 304 922 353 mercuria

154 457 215 523 bus
244 456 326 520 vinis
354 456 404 520 usi
433 455 565 540 antiqui.
601 454 762 522 Notabilia
789 455 874 522 circa
903 453 1084 541 apothecas.
1120 454 1174 520 De
1196 454 1272 522 vino

155 556 372 644 Opimiano¹¹.
408 555 546 639 Quando
567 557 706 642 primum
728 557 793 621 vini
815 574 872 620 1111
893 578 1012 642 genera
1032 555 1137 642 posita
1145 559 1181 621 ¹².
1218 554 1273 622 Ex

155 658 303 725 labrusca
331 680 409 723 ustis
437 668 469 724 et
495 657 567 742 quis
579 659 602 698 ¹⁸
629 657 857 744 frigidissimus
877 666 993 721 natura
1001 659 1027 698 ¹⁴
1053 677 1159 722 sucus.
1193 655 1272 723 Vini

154 760 261 827 ficticii
283 780 404 845 genera
425 777 524 822 LXVI.
546 757 772 843 Hydromeli¹⁶
793 758 861 823 sive
882 758 1079 825 melicraton.
1106 755 1272 843 Oxymeli.

154 860 231 926 Vini
258 859 433 947 prodigiosi
459 881 578 946 genera
604 876 668 923 x11.
703 856 831 939 Quibus
852 858 935 924 vinis
957 859 999 922 ad
1020 880 1112 924 sacra
1137 859 1187 924 uti
1208 881 1274 924 non

155 961 197 1026 sit
225 961 285 1024 ias.
314 958 441 1042 Quibus
470 960 643 1048 generibus
672 970 779 1024 musta
808 959 967 1025 condiant.
994 958 1049 1024 De
1076 959 1160 1046 pice,
1189 959 1273 1025 resi-

154 1061 204 1126 nis
214 1062 247 1124 ¹⁶.
281 1061 335 1128 De
356 1071 458 1126 aceto.
493 1061 547 1128 De
569 1062 660 1127 faece
669 1063 702 1124 ¹⁷.
739 1059 793 1125 De
814 1060 900 1124 vasis
921 1059 1063 1125 vinariis.
1098 1058 1152 1126 De
1173 1060 1273 1127 cellis.

153 1161 207 1229 De
229 1161 394 1230 ebrietate.
423 1161 477 1227 Ex
498 1183 583 1244 aqua
605 1172 637 1227 et
658 1160 809 1247 frugibus
830 1160 898 1226 vini
919 1161 987 1225 rim
1005 1159 1088 1227 fieri.
1119 1157 1272 1226 Summa:

154 1285 206 1330 res
228 1274 261 1329 et
281 1262 432 1330 historiae
455 1274 488 1328 et
509 1261 747 1328 observationes
768 1279 831 1327 nx.

85 1427 90 1437 ,
195 1364 253 1429 Ex
273 1363 527 1429 Aacromnas:
559 1360 655 1428 Corn.
678 1362 858 1441 Valeriano,
881 1361 1037 1451 Vergilio,
1068 1361 1174 1441 Celso,
1207 1358 1274 1427 Ca-

156 1475 230 1532 tone
258 1463 411 1541 censorio,
439 1460 587 1528 Sasernis
613 1474 705 1549 patre
728 1473 761 1530 et
785 1463 861 1541 lilio,
889 1459 1014 1543 Scrofa,
1043 1460 1093 1527 M.
1113 1461 1273 1542 Varrone,

154 1564 198 1631 D.
221 1561 345 1643 Silano,
374 1563 477 1631 Fabio
498 1564 646 1642 Pictore,
675 1563 798 1652 Trog0,
828 1563 978 1651 Hygino,
1003 1561 1124 1630 Flacco
1144 1562 1274 1642 Verrio,

155 1663 327 1744 Graecina,
355 1664 438 1731 Iulio
459 1665 581 1745 Attico,
610 1664 795 1743 Columella,
817 1663 980 1730 Massurio
1002 1661 1133 1742 Sabino,
1164 1662 1273 1731 Fene-

156 1769 292 1845 stellas,
315 1765 468 1853 Tergilla,
489 1765 616 1832 Maecio
625 1770 650 1808 ¹⁹
670 1766 796 1845 Plauto,
812 1765 938 1843 Flavio,
953 1765 1101 1832 Dosseno
1110 1767 1146 1843 ²⁰,
1170 1761 1274 1831 Scae·

155 1868 238 1945 vola,
268 1866 363 1932 Aelio
373 1872 407 1946 ⁹¹,
434 1866 533 1933 Ateio
555 1864 723 1952 Capitone,
746 1863 843 1931 Cotta
864 1864 1050 1944 Messalino,
1078 1864 1119 1930 L.
1142 1864 1274 1945 Pisone,

154 1965 308 2053 Pompeio
329 1965 471 2045 Lenaeo,
494 1966 651 2045 Fabiano,
675 1964 789 2032 Sextio
809 1966 922 2056 Nigro,
944 1966 1076 2032 Vibius
1096 1965 1232 2032 Rufo²⁸.

196 2067 398 2142 Exrmmrs:
432 2067 588 2144 Hesiodo,
613 2067 846 2155 Theophrasto,
867 2067 1054 2146 Aristotele,
1074 2066 1274 2147 Democrito,

154 2167 299 2235 Hierone
319 2190 412 2255 rege,
442 2167 554 2233 Attalo
564 2170 589 2208 ²4
609 2168 826 2234 Philometore
846 2191 942 2256 rege,
965 2168 1128 2254 Archyta,
1156 2166 1275 2234 Xeno·

155 2270 285 2357 phonte,
309 2268 523 2355 Amphilocho
537 2268 719 2348 Athenaeo,
735 2269 909 2357 Anaxipoli
924 2268 1054 2347 Thasio,
1076 2267 1276 2355 Apollodoro

98 2414 102 2420 «
155 2369 303 2450 Lemnio,
326 2369 544 2456 Aristophane
563 2368 703 2450 Milesio,
726 2370 892 2457 Antigono
915 2367 1068 2454 Cymaeo,
1091 2368 1277 2456 Agathocle

157 2469 258 2552 Chio,
285 2472 458 2558 Apollonio
485 2471 701 2559 Pergameno,
724 2470 917 2535 Aristandro
938 2469 1126 2549 Athenaeo,
1152 2469 1277 2556 Botrye

157 2573 251 2651 item,
274 2572 413 2637 Bacchio
435 2571 574 2658 Milesio,
596 2571 699 2637 Bione
721 2569 866 2649 Solense,
897 2568 1043 2637 Chaerea
1063 2570 1277 2650 Atheniense,

158 2671 361 2736 Chaeristo²⁵
376 2673 463 2750 item,
484 2671 630 2738 Diodoro
650 2672 817 2750 Prienaeo,
840 2673 948 2737 Dione
963 2670 1172 2759 Colophonio,
1194 2671 1277 2759 Epi-

157 2795 240 2862 gono
261 2771 401 2848 Rhodio,
433 2770 590 2861 Euagone
611 2772 745 2852 Thasio,
779 2773 967 2859 Euphronio
988 2773 1176 2854 Athenaeo,
1204 2773 1277 2838 An-

158 2874 303 2939 drotione
331 2873 387 2957 qui
413 2873 453 2938 de
480 2873 677 2960 agricultura
702 2874 847 2960 scripsit,
877 2873 1077 2940 Aeschrione
1105 2874 1161 2959 qui
1187 2874 1276 2952 item,

157 2975 353 3061 Lysimacho
375 2975 430 3060 qui
451 2976 539 3055 item,
560 2974 719 3059 Dionysio
734 2976 789 3060 qui
802 2974 979 3064 Magonem
1001 2975 1174 3054 transtulit,
1193 2973 1278 3040 Dio-

158 3078 263 3166 phane
278 3077 334 3162 qui
349 3101 391 3143 ex
404 3077 563 3163 Dionysio
579 3077 739 3165 epitomen
747 3079 772 3118 ²⁶
787 3076 874 3155 fecit,
895 3075 1092 3163 Asclepiade
1106 3076 1232 3143 medico
1241 3079 1277 3155 ²⁷,

160 3177 353 3259 Onesicrit0,
376 3179 460 3246 Iuba
481 3203 568 3268 rege.

196 3328 234 3372 11.
253 3320 416 3372 Notabilia-
429 3319 565 3384 Opimiano,
577 3321 629 3370 Ta
642 3320 730 3372 Omin.
744 3321 801 3382 Βῆ,
814 3327 840 3370 at
851 3320 900 3369 vid.
909 3326 964 3368 not.
977 3323 999 3370 7.
1032 3325 1070 3369 12.
1079 3317 1169 3383 posita,
1182 3317 1279 3366 omittit

160 3405 182 3439 a.
214 3393 253 3437 le.
266 3397 287 3437 et
299 3386 444 3452 qais,d.oel
460 3389 523 3450 qais,
535 3389 566 3437 T.
585 3388 703 3450 quisquis,
723 3389 776 3438 Ra.
804 3393 843 3437 14.
861 3395 973 3448 naturae,
988 3387 1040 3436 Ra
1065 3391 1104 3437 15.
1122 3383 1280 3452 Hydramia}

160 3456 220 3506 huic
232 3456 290 3503 voci
301 3455 437 3504 subiiciunt
447 3455 497 3503 sive
505 3453 634 3518 pomelicen
645 3455 677 3503 R.
688 3455 739 3503 aiva
751 3454 901 3518 apomelican,
914 3455 957 3504 ad.
969 3454 1020 3503 aive
1031 3451 1140 3518 apomeli,
1153 3452 1185 3500 T.
1205 3456 1245 3501 16.
1258 3459 1281 3502 et

160 3522 254 3584 resinis,
272 3522 302 3571 T.
340 3525 379 3571 17.
396 3522 437 3571 De
452 3530 525 3570 aceto.
547 3521 587 3570 De
597 3521 680 3582 faece,
702 3534 771 3584 pone
787 3522 890 3571 vinariis
905 3523 1035 3571 collocant
1051 3522 1103 3571 Ra
1140 3525 1180 3569 18.
1202 3519 1279 3570 Fene

160 3590 244 3651 stella,
266 3590 360 3639 omittit
376 3606 398 3637 a.
439 3594 477 3637 19.
496 3588 604 3647 Maecio,
625 3605 648 3638 a.
675 3588 712 3638 M.
729 3588 816 3649 Accio,
836 3590 919 3639 RTd.
945 3589 1007 3639 Vid.
1031 3587 1155 3639 Bitschel.
1179 3601 1278 3650 parer-g.

160 3660 271 3709 Plautin.
289 3658 309 3706 Ι.
328 3673 352 3720 p.
371 3662 393 3704 9.
410 3670 479 3718 sqq„
502 3655 671 3718 praecipuep.
690 3661 730 3706 39.
775 3663 815 3706 20.
832 3658 955 3717 Desseno,
977 3658 1060 3707 RTd.
1093 3655 1230 3714 Dareium,
1255 3669 1278 3703 a

162 3731 203 3776 21.
215 3725 293 3786 Aelio,
305 3726 337 3774 Τ.
355 3722 452 3782 Heelio,
464 3724 489 3771 R
499 3727 533 3771 'a
551 3722 644 3782 Laelio,
657 3725 706 3772 R2.
724 3723 801 3785 Leito,
813 3726 837 3773 d.
869 3730 909 3774 22.
927 3724 1009 3785 Bibia,
1022 3726 1047 3775 R
1056 3725 1091 3772 ie.
1123 3727 1163 3772 28.
1180 3721 1279 3785 Rufino,

162 3792 427 3844 R.1taiamBarbar.
469 3796 509 3839 24.
527 3790 711 3850 Attalo,Hard.
734 3790 817 3841 Attalo
833 3809 900 3858 repe,
916 3791 1018 3841 RTad.
1059 3796 1098 3840 25.
1121 3786 1239 3849 Charino,
1256 3804 1278 3838 a.

167 3858 326 3920 Charesto,R.
362 3863 402 3908 26.
421 3858 539 3922 epitomen,
552 3858 612 3908 BT.
630 3859 738 3922 epitoma,
751 3861 774 3908 d.
793 3859 933 3923 acpbitoma,
946 3875 968 3908 a.
1009 3862 1049 3909 27.
1068 3856 1170 3917 medico,
1188 3873 1210 3905 a
1234 3872 1279 3905 ma·

163 3928 224 3988 rimo,
245 3925 396 3978 Erasistrato
417 3926 461 3989 qni
480 3928 540 3987 item,
571 3923 683 3977 Connade
713 3922 870 3992 (commiade,
891 3924 949 3988 Td)
976 3928 1018 3990 qni
1037 3925 1066 3976 tle
1085 3923 1213 3975 conditura
1233 3923 1283 3973 nini

164 3995 268 4057 scripsit,
284 3994 449 4044 Aristomache
467 3994 510 4058 qni
526 3994 585 4055 dem,
601 3993 690 4045 Icessie
707 3991 824 4056 (Hicesio,
842 3991 870 4056 d)
888 3994 932 4057 qni
946 3994 1006 4053 item
1029 3993 1168 4043 Themisone
1183 3991 1281 4052 medaba,

163 4062 245 4111 RTd.
264 4062 315 4112 Sed
326 4061 444 4110 ultimum
455 4076 549 4111 nomen
562 4063 642 4111 omitt.
656 4064 709 4123 Td,
727 4063 895 4127 penultimam
910 4076 960 4110 om.
974 4061 1005 4109 Τ.
1031 4061 1151 4111 Ceterum
1171 4060 1237 4109 haec
1248 4072 1280 4108 ex

164 4128 247 4179 indice
258 4129 315 4178 libri
327 4130 453 4190 sequentis
465 4143 510 4192 per
521 4144 630 4179 errorem
641 4131 800 4180 librariorum
812 4131 863 4179 huc
874 4129 1020 4191 migrarunt.

199 4198 242 4247 Ad
253 4197 361 4245 indicem
373 4196 429 4246 libri
441 4198 500 4247 XV.
513 4198 609 4246 contuli
621 4197 723 4248 RTad.

202 4271 223 4314 1.
246 4272 356 4324 naturae,
377 4265 428 4315 Td.
455 4273 552 4326 natura,
573 4265 624 4314 Ra.
668 4271 691 4314 2.
714 4265 830 4330 coeperint
850 4281 912 4325 esse,
933 4265 985 4314 Ra.
1012 4281 1062 4313 esse
1082 4264 1206 4328 coeperint,
1227 4262 1281 4312 Td.
