2714 4710
327 297 399 346 orn.
415 298 452 344 11.
482 296 560 344 oar.
577 295 665 344 xvu.
682 297 785 345 xvm.
817 295 915 344 sacr.
932 299 1021 342 uno.
1172 281 1232 344 12⁷

111 448 315 534 vespertinos
336 447 369 510 in
390 446 537 532 piscibus
556 470 644 513 raros
666 448 788 526 facere,
800 448 1022 547 ,creberrimos
1042 447 1077 511 in
1097 449 1233 537 virgine,

112 550 149 614 in
169 548 253 614 libra
271 547 462 626 matutinos,
485 548 564 612 item
584 548 756 612 matutinos
776 548 810 611 in
831 548 977 631 aquario,
1000 548 1180 613 rarissimos
1201 550 1235 616 in

112 651 225 727 loone;
247 647 471 736 retrogradum
492 649 526 712 in
547 658 640 712 tauro
662 658 696 713 et
715 648 749 712 in
770 649 906 736 geminis
927 671 993 713 non
1007 649 1091 728 fieri,
1109 651 1144 714 in
1158 674 1235 716 can-
1335 733 1338 738 ⁴

114 771 171 815 cro
198 771 276 815 vero
302 770 367 813 non
394 748 475 813 citra
495 749 679 813 vicesimam
701 750 845 832 quintam
865 761 1000 835 partem.
1035 749 1165 816 Lunam
1186 752 1236 817 bis
1250 768 1281 816 ts

114 851 237 916 coitum
264 871 338 915 oum
367 848 433 913 sole
459 844 494 912 in
519 849 607 914 nullo
634 842 697 913 alio
724 850 816 938 signo
841 849 947 917 facere
970 870 1066 933 quam
1087 852 1235 940 geminis,

112 973 180 1016 non
208 950 297 1021 coire,
320 949 491 1031 aliquando
517 949 551 1013 in
576 950 740 1036 sagittario
763 961 909 1046 tantum}
931 953 1136 1030 novissimam
1156 975 1236 1018 vero

111 1052 315 1138 primamque
342 1050 456 1114 eadem
483 1050 535 1114 die
561 1050 613 1116 vel
639 1061 735 1115 nocte
761 1051 848 1116 nullo
875 1051 937 1115 alio
964 1052 998 1119 in
1025 1053 1118 1140 signo
1140 1074 1237 1136 quam

112 1154 216 1218 ariete
242 1150 406 1236 conspici3
436 1151 472 1216 id
498 1171 625 1234 quoque
650 1152 764 1236 paucis
790 1153 973 1217 mortalium
1000 1153 1175 1240 contingit,
1204 1164 1237 1219 et

111 1255 190 1319 inde
205 1254 291 1319 fama
306 1252 458 1317 cernendi
471 1251 615 1336 Lynceo.
648 1252 722 1318 Non
744 1275 916 1338 conparere
937 1254 971 1318 in
993 1254 1082 1320 caelo
1105 1251 1237 1320 Saturni

113 1354 206 1421 sidus
228 1364 262 1419 et
282 1350 398 1418 Martis
426 1375 499 1418 cum
525 1353 709 1438 plurumum
734 1354 847 1419 diebus
870 1365 1000 1419 centum
1020 1355 1236 1444 septuaginta,

112 1455 203 1522 Iovis
222 1456 354 1543 t1iginta
375 1477 434 1519 sex
455 1464 511 1518 aut
533 1476 606 1518 cum
626 1455 804 1519 minumum
825 1456 916 1520 denis
938 1456 1090 1521 detractis
1111 1457 1236 1534 diebus,

112 1555 254 1622 Veneris
280 1573 413 1619 vann
444 1564 501 1619 aut
534 1577 608 1619 cum
636 1555 814 1620 minumum
841 1558 1074 1643 quinquaginta
1099 1558 1236 1636 duobus,

113 1656 263 1723 Mercuri
284 1657 438 1721 tredecim
460 1666 516 1719 aut
537 1678 610 1721 oum
631 1658 816 1741 plurumum
838 1657 1027 1721 octodecim.

158 1756 289 1823 XVHI.
328 1758 380 1822 16.
404 1754 538 1822 Colores
559 1757 641 1821 ratio
662 1757 867 1821 altitudinum
888 1767 1056 1842 temperat,
1079 1758 1237 1843 siquidem
1251 1776 1284 1824 to

112 1881 227 1925 earum
253 1858 493 1947 similitudinem
521 1857 651 1922 trahunt
678 1859 712 1922 in
739 1878 873 1941 quarum
900 1881 975 1923 aera
1000 1881 1118 1926 venere
1139 1861 1240 1931 subo!

112 1961 216 2038 undo,
238 1960 421 2048 tinguitque
436 1959 732 2048 adpropinquantes
746 1959 897 2025 utralibet
910 1960 1005 2026 alieni
1026 1971 1151 2026 meatus
1173 1963 1236 2028 cir·

113 2063 224 2139 culus,
247 2061 396 2148 frigidior
416 2059 450 2123 in
470 2059 641 2144 pallorem,
664 2058 826 2126 ardentior
846 2061 880 2126 in
901 2061 1062 2140 ruborem,
1083 2075 1236 2129 ventosus

111 2163 151 2228 in
178 2162 364 2238 horrorem,
394 2161 442 2241 sol
470 2171 566 2244 atque
593 2161 807 2227 conmissurae
834 2162 983 2248 apsidum
1010 2173 1236 2248 extremaeque

113 2263 239 2330 orbitae
261 2272 362 2327 atram
377 2262 412 2328 in
427 2261 665 2326 obscuritatem.
696 2260 783 2327 Suus
798 2263 927 2347 quidem
943 2264 1059 2346 cuique
1075 2265 1162 2329 color
1175 2276 1234 2348 est,

113 2361 257 2430 Saturno
273 2362 441 2440 candidus,
455 2360 526 2426 Iovi
541 2363 655 2440 clarus,
671 2360 770 2427 Marti
785 2364 913 2451 igneus,
933 2363 1068 2429 lucifero
1084 2364 1235 2443 candens,
1314 2415 1316 2419 «

113 2464 244 2551 vesperi
257 2464 436 2552 refulgens,
457 2462 623 2528 Mercurio
638 2463 778 2541 radians,
801 2465 895 2529 lunae
917 2462 1064 2543 blandus,
1087 2465 1235 2532 solioum

112 2568 218 2632 oritur
244 2566 360 2631 ardens
372 2612 381 2644 ,
408 2575 522 2650 postea
547 2563 697 2641 radians,
724 2564 774 2628 his
802 2563 906 2628 causis
933 2586 1080 2632 connexo
1104 2567 1178 2632 visti
1203 2579 1236 2634 et

113 2691 227 2734 earum
242 2690 324 2752 quae
339 2668 427 2733 caelo
443 2665 662 2731 continentur!
681 2663 829 2750 Namque
848 2666 944 2732 modo
964 2668 1142 2739 multitudo,
1157 2691 1234 2735 con-
1248 2688 1281 2733 so

115 2771 201 2835 ferta
226 2769 310 2836 inest
338 2770 425 2836 circa
450 2768 601 2834 dimidios
627 2768 713 2834 orbis
739 2769 833 2834 lunae
859 2769 986 2855 placida
1005 2781 1100 2837 nocte
1120 2772 1236 2838 leniter

112 2975 319 3105 ἄῖἇηωατατίηοε,
336 2979 398 3027 a²d.
416 2977 480 3040 item
496 2976 615 3025 arem.
639 3016 671 3023 -
693 2973 860 3038 retroqrodie,
876 2976 906 3025 P.
929 2993 960 3023 ..ss
984 2982 1008 3022 et
1021 2973 1054 3034 in,
1070 2975 1181 3024 RTPd.
1204 2983 1234 3036 et,

113 3060 132 3094 a
181 3080 188 3092 .
206 3042 238 3092 ¹-
256 3045 311 3105 cito,
323 3046 372 3095 12¹.
721 3037 725 3046 ’
1234 3069 1237 3074 ·

150 3057 219 3171 §riu
236 3111 291 3161 eolo
301 3114 333 3173 iu,
351 3112 454 3162 RPad.
473 3107 526 3158 sole
537 3119 560 3159 et
571 3109 606 3171 in,
617 3104 668 3173 βγ.
687 3147 719 3157 ..
737 3108 807 3170 eiquo
819 3107 898 3157 oriete
910 3105 1016 3172 conspici
1027 3123 1108 3172 quom,
1120 3111 1144 3160 d.
1163 3107 1235 3174 eiquo

115 3193 188 3242 quom
200 3179 226 3228 in
236 3177 315 3228 ariete
326 3176 453 3243 conspicit,
464 3177 495 3226 P.
514 3217 546 3226 ...
558 3175 656 3240 portis,
668 3179 709 3226 α’.
728 3215 760 3222 -
777 3173 904 3239 eontinqit,
916 3175 948 3225 R.
967 3175 1076 3240 mutiqu,
1089 3178 1161 3226 Tau
1175 3177 1233 3227 Om.

112 3246 196 3296 P...
218 3260 369 3309 comparare,
386 3247 435 3295 3¹.
459 3253 600 3307 competere,
620 3243 651 3292 P.
675 3280 708 3291 ..
729 3240 829 3301 sideris,
847 3243 877 3292 P.
901 3282 933 3292 ..
956 3252 1051 3293 eentum
1068 3243 1234 3308 septuoqinto,

112 3313 220 3364 BPad.
242 3309 384 3374 CLXXX,
396 3326 420 3361 σ.
443 3319 536 3360 centum
552 3311 695 3374 eenoqinto,
710 3310 743 3359 K.
763 3351 795 3358 -
810 3310 956 3374 protractis,
973 3324 997 3360 σ.
1016 3351 1048 3360 ..
1072 3310 1186 3373 Veneris,
1202 3313 1234 3372 P,

117 3379 201 3441 omnio
219 3379 331 3441 Venerio,
343 3381 417 3430 Rad.
431 3420 463 3427 -
474 3378 531 3429 LX
534 3376 632 3438 VIIII,
644 3378 694 3428 13².
706 3376 843 3441 seaoqinto
855 3392 945 3439 nouem,
957 3378 1029 3428 Pad.
1047 3378 1188 3439 LXVIII,
1201 3379 1233 3438 T,
1324 3401 1328 3407 ·

112 3444 255 3508 LXXIX,
267 3461 291 3496 o.
308 3446 438 3508 LXIIII,
456 3448 504 3497 R¹.
525 3483 557 3494 ..
576 3443 702 3506 tredecim,
715 3445 787 3494 Pad.
805 3443 877 3506 XII,
893 3446 925 3495 B.
944 3485 976 3494 ..
993 3444 1132 3507 octodecim,
1151 3436 1233 3505 OTd,

112 3511 288 3579 septendecim,
298 3509 403 3575 arad.

147 3579 164 3641 ἦ
179 3584 220 3631 79.
242 3578 347 3643 doloris,
358 3582 402 3631 Pd
413 3578 443 3644 (a
453 3596 532 3630 manu
543 3576 652 3642 seriori.)
665 3619 697 3630 ,
715 3575 882 3641 altitudinem,
894 3580 939 3631 Pd
949 3576 979 3642 (a
990 3594 1068 3631 manu
1079 3575 1188 3640 sarion.)
1202 3617 1232 3636 φ,

114 3663 204 3710 amun,
216 3648 247 3699 P.
265 3688 297 3698 ..
317 3648 342 3698 in
359 3664 469 3710 quorum,
485 3651 538 3699 Rd.
561 3647 589 3697 in
596 3644 735 3712 quaedum,
752 3662 775 3695 a.
799 3645 872 3710 inque
887 3647 944 3708 iam,
956 3647 986 3697 P.
1006 3687 1037 3698 ..
1055 3661 1131 3708 oram,
1148 3647 1182 3696 K.
1201 3685 1232 3694 -

114 3729 231 3776 emeram,
243 3716 273 3765 P.
292 3756 324 3766 ...
343 3715 474 3779 tinqitque,
487 3718 511 3766 d.
530 3714 657 3779 liquitque,
669 3715 721 3765 Ba.
740 3711 915 3778 tinguiturque,
926 3715 956 3764 P.
975 3755 1007 3764 -
1025 3720 1127 3774 meatur,
1139 3713 1164 3762 R
1173 3715 1189 3762 ¹.
1201 3753 1233 3762 -

113 3781 229 3843 circulis,
245 3783 275 3833 P.
294 3823 326 3833 -
345 3791 460 3832 ventosus
477 3784 572 3832 omisso
588 3785 614 3832 in
629 3799 654 3833 a.
672 3823 704 3830 -
726 3780 848 3842 honorem,
863 3783 912 3832 R'.
932 3821 964 3830 -
986 3779 1023 3829 od
1040 3795 1111 3845 quoe,
1131 3781 1181 3829 12¹.
1200 3819 1232 3828 -

114 3858 207 3910 otram,
221 3864 272 3900 om.
284 3852 314 3900 P.
332 3891 364 3899 -
382 3850 447 3899 color
459 3849 554 3913 cuique,
566 3851 596 3900 P.
615 3891 646 3898 -
664 3847 785 3909 storiati
796 3850 810 3896 ¹.
829 3888 861 3897 -
880 3845 987 3911 inrisere,
999 3849 1024 3898 R
1035 3851 1049 3898 ¹.
1066 3888 1097 3896 -
1116 3845 1233 3908 unumne,

114 3918 166 3968 1³².
184 3913 600 3981 quodens‚1t¹'rPau(1toberu>
618 3957 649 3964 -
667 3911 773 3980 impert,
784 3915 908 3964 R²Pad
927 3911 1036 3978 ueepe're,
1053 3916 1104 3966 RK
1126 3930 1233 3980 vespero,

118 3976 147 4034 θ.
167 4025 199 4034 -
227 3983 339 4046 blandis,
350 3986 401 4048 121,
420 4026 451 4035 ..
478 3983 697 4044 oritur,R²Pad.
724 3981 868 4042 moriuntur,
879 3979 929 4031 13¹.
956 3982 1047 4045 uritur,
1059 3995 1083 4031 σ.
1102 4023 1133 4031 ..
1161 3979 1233 4032 rodi.

116 4066 172 4114 one,
183 4053 246 4103 Pd²
258 4050 389 4115 (Robsrt.)
407 4053 470 4112 dier,
485 4049 603 4103 RTau1.
622 4090 654 4100 ..
672 4064 740 4109 neno,
755 4045 811 4100 ΒΗ
822 4089 854 4096 -
872 4047 946 4097 uisus
963 4059 1106 4110 umerorum,
1122 4050 1233 4114 suspicio

149 4184 219 4248 580.
237 4183 353 4253 Namque
368 4187 444 4248 modo,
460 4187 533 4238 aad.
560 4185 596 4237 od
609 4179 695 4244 noim,
712 4184 741 4235 P.
761 4224 792 4233 -
811 4181 933 4245 dimidior,
948 4182 997 4236 3¹.
1025 4182 1142 4246 dimidio,
1158 4200 1188 4253 o.
1203 4226 1232 4238 ,,

118 4254 191 4316 orbis,
202 4268 228 4303 o.
247 4295 279 4302 -
298 4251 396 4315 lenitur,
412 4251 461 4306 12¹.
