2714 4710
583 290 772 335 russanum.
1149 293 1239 336 sxvn
1260 288 1264 295 “

116 441 198 501 mina
211 439 409 519 geographica
421 441 563 502 librorum
576 443 655 504 tertii
668 451 698 502 et
711 444 800 503 trium
813 443 1026 520 proximorum.
1052 445 1169 505 Horum
1183 465 1238 506 uo·

115 551 228 610 minum
238 550 349 628 duplex
359 557 406 611 est
416 551 508 623 ratio;
521 553 628 612 etenim
639 569 732 611 unum
743 570 845 612 eorum
854 571 948 630 genus
958 554 1046 613 etiam
1057 553 1087 613 in
1097 554 1164 614 aliis
1173 554 1238 617 tou·

113 661 195 719 tibus
209 659 364 735 utriusque
378 659 507 736 linguae,
521 666 557 719 ut
570 660 819 739 inscriptiomlrus,
836 662 1064 736 titulis,‘numis‚
1078 663 1238 739 invenitur,

114 787 242 845 quorum
255 787 312 846 ope
327 769 513 845 corruptelae
526 770 558 828 in
571 769 606 829 iis
622 771 727 830 obviae
740 770 890 831 emendari
906 779 1069 850 potueruut
1088 781 1119 832 et
1131 790 1239 850 magna

113 896 154 936 ex
167 883 252 954 perte
266 878 325 936 iam
335 877 373 937 ab
383 877 449 938 aliis
460 879 531 938 viris
542 880 636 939 doctis
647 880 815 939 emendatae
826 887 897 940 sunt
902 898 911 951 3
926 881 1054 939 altarum
1065 884 1114 941 est
1123 898 1238 954 eorum,

112 1006 242 1068 quorum
263 995 382 1064 praeter
400 986 533 1047 Plinium
552 1007 638 1048 nemo
657 987 736 1048 alius
760 989 934 1066 scriptorum
960 990 1236 1064 mentionemtacit,

112 1097 144 1157 id
158 1097 238 1172 quod
252 1096 380 1155 maxime
393 1096 425 1154 in
438 1097 602 1156 nominibus
616 1098 751 1157 barbaris
764 1116 822 1157 usu
836 1099 926 1158 venit.
949 1097 1032 1172 Quae
1044 1101 1096 1160 ubi
1108 1101 1141 1159 in
1155 1101 1236 1160 codi-

112 1206 197 1265 cibus
211 1213 241 1264 et
254 1205 429 1265 editionibus
444 1205 573 1284 vulgatis
588 1206 649 1266 sine
661 1206 795 1267 lectionis
817 1208 959 1267 varietate
979 1208 1165 1286 legebantur,
1189 1211 1237 1270 in·

110 1324 193 1376 tacta
207 1314 372 1390 ea'reliqui,
387 1316 522 1390 quamvis
536 1316 643 1375 miram
656 1302 914 1393 praeseferentia
933 1318 1074 1395 speciem3
1093 1320 1145 1379 ubi
1165 1338 1237 1379 vero

110 1426 143 1484 in
163 1424 230 1484 aliis
247 1424 333 1483 libris
353 1425 413 1484 alia
430 1425 595 1498 exstabant,
616 1426 790 1501 plerumque
805 1426 981 1505 scripturam
995 1428 1150 1504 vulgatam
1165 1423 1236 1510 (βγ)

110 1535 230 1607 retinui,
251 1534 378 1593 maxime
396 1535 423 1595 si
440 1553 477 1594 ea
495 1536 638 1608 codicum,
653 1534 723 1594 licet
736 1536 924 1608 deteriorum,
938 1538 1110 1596 auctoritate
1123 1536 1237 1596 niteba-
1339 1549 1347 1562 “

110 1652 172 1704 tur.
204 1640 419 1703 Mutatiouibus
444 1643 630 1722 potissimum
654 1651 811 1720 propterea
835 1642 1040 1703 abstinendum
1064 1646 1175 1720 putavi,
1199 1664 1238 1704 ne

110 1754 240 1813 lectores
254 1760 356 1813 vetera
369 1758 400 1812 et
413 1753 536 1830 vulgata
548 1752 668 1812 nomina
681 1752 794 1811 frustra
807 1751 973 1826 quaerendo
987 1752 1109 1810 nimium
1123 1760 1238 1828 pertur-

111 1866 267 1934 barentum
282 1868 440 1940 praeterea
453 1880 560 1938 patum
573 1861 685 1920 referre
699 1860 865 1934 videbatur,
885 1860 958 1920 haec
971 1881 1009 1920 an
1022 1861 1077 1920 illa
1090 1861 1238 1938 scriptura
1330 1847 1332 1852 ¹

109 1973 143 2032 in
164 1971 255 2031 Plinii
273 1972 404 2031 oratione
422 1971 579 2048 legeretur,
599 1988 726 2046 quarum
745 1979 851 2030 neuma
864 1979 943 2030 certo
957 1972 1058 2047 aliquo
1070 1971 1236 2032 testimonio

111 2082 264 2159 gauderet.
286 2082 353 2140 Iam
367 2081 485 2155 quidem
499 2080 618 2139 minime
628 2080 730 2140 dubito
743 2080 839 2140 multa
848 2079 956 2139 horum
976 2081 1127 2140 nominum
1137 2101 1236 2141 emen-

110 2192 179 2250 dari
190 2210 210 2251 a
222 2209 270 2250 me
282 2190 427 2268 potuisse,
442 2207 509 2250 oum
522 2189 552 2248 in
566 2189 612 2249 his
625 2191 713 2249 rebus
728 2209 806 2250 nunc
819 2190 949 2250 maxime
963 2191 1026 2250 dies
1039 2192 1118 2249 diem
1132 2193 1237 2252 doceat

109 2310 142 2360 et
160 2318 275 2378 semper
295 2300 379 2359 numi
398 2301 446 2360 vel
466 2300 544 2359 tituli
561 2300 745 2376 detegantur,
760 2301 838 2359 unde
852 2278 960 2359 talibus
974 2301 1142 2359 nominibus
1157 2319 1236 2381 nova

109 2409 167 2469 lux
185 2410 307 2469 oriatur.
340 2408 400 2470 Sed
418 2410 492 2471 haec
513 2410 612 2469 omnia
631 2408 875 2486 comprehendere
893 2427 991 2468 meum
1005 2428 1065 2467 nou
1079 2415 1152 2481 erat,
1167 2427 1234 2468 cum

109 2518 261 2579 itineraria
278 2527 309 2578 et
328 2519 419 2578 diaria
438 2519 526 2578 huius
539 2518 655 2594 vgeneris
669 2536 765 2594 pauca
777 2518 865 2576 modo
879 2516 959 2576 adire
972 2518 1075 2577 liceret
1094 2525 1124 2576 et
1142 2519 1234 2578 otium

109 2627 152 2687 ad
172 2627 248 2687 tales
266 2616 374 2701 hluos,
396 2628 563 2700 dadsunt,
586 2627 768 2686 evolvendos
787 2632 818 2685 et
836 2645 924 2704 saepe
942 2627 1005 2686 sine
1019 2626 1117 2688 fructu
1130 2629 1233 2706 perlu-

109 2737 248 2796 strandos
262 2737 335 2796 mihi
347 2755 408 2796 non
421 2742 601 2814 suppeteret.
622 2735 659 2794 In
673 2735 726 2794 tali
736 2753 833 2812 opere,
848 2735 945 2812 qualis
955 2736 1099 2796 estPlinii
1112 2745 1232 2797 natura·
1312 2784 1323 2799 -,

107 2845 146 2904 lis
163 2846 299 2919 historia,
325 2843 429 2907 Gdthii
451 2851 640 2924 praeceptum
664 2845 910 2924 sapientissimum
935 2845 973 2904 de
997 2846 1055 2904 fine
1073 2846 1232 2923 aliquando

108 2954 246 3015 iaciendo
259 2964 306 3016 est
318 2956 487 3016 tenendum.

151 3063 190 3122 In
208 3065 381 3125 coniecturis
400 3067 490 3142 igitur
509 3067 559 3126 vel
572 3067 719 3125 veteribus
733 3065 886 3124 servandis
900 3063 948 3123 vel
962 3062 1046 3123 novis
1059 3063 1232 3139 recipiendis

106 3174 250 3247 maxima,
269 3175 313 3233 uti
330 3194 386 3252 par
403 3174 471 3248 luit,
486 3176 621 3235 cautione
634 3175 776 3232 utendum
791 3189 855 3232 asse
873 3175 1024 3250 putabam,
1040 3190 1116 3247 cum,
1132 3173 1158 3232 si
1172 3159 1237 3247 quo

99 3294 252 3358 'umquam
271 3283 301 3342 ‘m
315 3283 472 3362 scriptores
480 3292 558 3343 certe
570 3284 601 3343 in
614 3282 710 3342 Plinio
724 3281 881 3342 discrimen
893 3283 971 3341 inter
984 3282 1164 3342 coniecturas
1177 3300 1231 3341 ne-

99 3393 257 3452 cessarias
272 3398 303 3450 et
315 3394 485 3453 temerarias
500 3393 540 3453 sit
552 3394 645 3470 probe
654 3377 824 3451 tenendum.
846 3389 1022 3451 Coniectura
1031 3392 1142 3451 scilicet
1151 3393 1232 3468 egeri

106 3520 169 3560 non
182 3503 289 3579 potuit,
303 3504 354 3562 ubi
367 3504 451 3564 locus
465 3503 573 3578 aliquis
585 3503 616 3561 in
630 3503 765 3562 omnibus
779 3500 917 3561 subsidiis
932 3501 1037 3561 criticis
1050 3501 1092 3560 ita
1105 3502 1231 3577 scriptus

106 3611 256 3684 exstabat,
271 3621 305 3671 ut
319 3621 372 3672 aut
384 3613 500 3690 legibus
514 3613 658 3672 sermonis
671 3610 771 3671 Latini
785 3618 886 3690 aperte
899 3613 1106 3670 adversaretur
1120 3618 1173 3667 aut
1185 3610 1230 3668 in-

106 3720 308 3798 terpolationis
327 3684 449 3798 vestigia
467 3729 547 3782 certa
564 3740 636 3799 prae
654 3739 687 3780 se
700 3722 798 3780 ferret.
825 3720 871 3779 At
883 3720 933 3779 hic
946 3738 1063 3795 quoque
1076 3718 1158 3777 ultra
1170 3719 1230 3778 sin·

106 3831 180 3904 gula
193 3831 288 3891 verba
301 3832 516 3908 procedendum
531 3850 590 3890 non
603 3831 674 3904 luit,
689 3840 719 3890 et
732 3847 807 3905 ques
821 3829 955 3889 nonnulli
968 3829 1026 3888 viri
1039 3828 1117 3888 docti
1135 3829 1229 3907 speci-

107 3956 177 3999 osas
195 3941 325 4016 quidem,
347 3942 400 4000 sed
412 3940 584 4001 audaciores
597 3949 627 3999 et
640 3940 727 4015 plura
739 3938 830 3998 verba
843 3943 1032 3997 attrectantes
1046 3939 1229 3998 coniecturas

107 4049 297 4126 protulerunt
320 4056 351 4108 et
373 4051 404 4111 in
423 4050 520 4127 ipsam
539 4046 630 4107 Plinii
650 4048 810 4106 orationem
823 4057 1005 4124 receperunt,
1020 4065 1069 4106 eas
1083 4048 1148 4106 loco
1163 4066 1229 4127 suo,

109 4176 198 4234 quem
211 4162 367 4239 hucusque
380 4168 549 4232 tenuerunt,
565 4157 637 4217 eieci
650 4164 681 4215 et
692 4157 724 4217 in
738 4157 976 4218 commentarium
990 4157 1135 4234 ablegari,
1150 4166 1180 4216 et
1198 4158 1229 4214 in

1012 4277 1026 4307 ἡ
