2714 4710
529 306 720 350 numme.
1127 311 1188 354 XXI

105 456 210 518 codex
229 458 383 518 Vaticanus
399 452 481 520 1951
498 457 538 538 (t)
552 463 795 520 membranaceus
809 460 907 519 torma
925 462 1053 521 maxime
1071 464 1187 523 duobus

63 566 263 628 voluminibus
285 585 361 626 sace.
383 568 456 628 XV.
478 569 649 629 nitidissime
674 571 811 646 scriptus.
845 569 912 630 Hoc
936 570 1011 630 bbro
1036 572 1188 645 aliquoties

62 677 120 735 iam
134 693 207 734 usus
221 683 287 734 erat
299 674 411 736 Lucius
424 677 625 750 Dalmaticum
642 699 672 738 v.
685 679 724 736 ad
739 672 770 750 3,
787 674 860 738 140.
877 674 950 739 141.
967 675 1039 740 152.

101 783 207 843 Codex
226 787 382 846 Vaticanus
397 781 479 847 1952
501 780 554 868 (u)
567 790 819 860 membranaceus,
834 788 904 848 clim
918 786 1088 862 Perotinus,
1106 790 1188 850 eius·

63 896 132 953 dem
145 895 262 966 atatis,
278 894 373 954 forma
387 897 517 955 maxima
531 898 621 956 nitide
635 897 770 973 scriptus.

103 1003 208 1064 Codex
221 1006 384 1066 ‘Vaticanus
404 1001 487 1066 1953
508 999 560 1086 (x)
581 1007 819 1066 membranaceus
840 1006 938 1067 iorma
958 1010 1089 1067 maxima
1112 1009 1190 1068 binis

64 1115 206 1174 columnis
227 1115 354 1191 scriptus
376 1116 454 1174 circa
473 1135 502 1175 a.
519 1111 623 1189 1200,
644 1134 731 1191 quem
745 1115 926 1175 Rennomous
945 1117 1092 1194 adpraei.
1107 1121 1122 1188 5
1137 1113 1190 1177 24.

65 1225 166 1283 esteris
179 1224 376 1299 antiquiorem
390 1225 470 1284 dicit.
554 1200 570 1305 Ι.

95 1331 209 1399 -Oodex
227 1335 408 1393 Bortertm
429 1329 491 1393 758
514 1328 566 1415 (y)
586 1334 684 1394 forma
704 1335 835 1393 maxima
854 1336 1094 1396 membranaceus
1114 1355 1190 1396 saec.

65 1439 133 1502 XV.
149 1443 277 1519 scriptus
292 1443 422 1501 continet
433 1443 523 1502 Ehros
537 1442 689 1503 LXIII.

101 1549 208 1610 Codex
228 1549 408 1611 Burtcrtnus
430 1547 514 1612 2503
538 1545 586 1633 (n)
614 1555 783 1612 chartaceus
809 1553 904 1613 forma
927 1556 1057 1614 maximo
1082 1556 1190 1615 litteris

67 1660 236 1720 minusculis
251 1660 377 1736 scriptus
392 1678 493 1719 omnes
506 1660 598 1718 libros
612 1663 751 1734 continet,
772 1671 905 1720 extremo
926 1664 1009 1738 operi
1026 1664 1073 1721 bis
1094 1665 1191 1723 verbis

69 1770 204 1829 additist·
230 1769 342 1841 „Plinii
367 1767 496 1828 Secundi
519 1768 753 1829 Novocomcnsis
782 1771 924 1829 naturalis
952 1769 1093 1828 historiae
1119 1770 1189 1828 libri

70 1876 225 1938 XXXVII
237 1879 388 1938 finiuntur.
412 1877 520 1956 Scripti
533 1880 647 1938 Romae
661 1897 681 1939 a
694 1899 741 1938 me
754 1879 905 1938 Βοτηιιιιὶο
918 1877 1003 1938 Petri
1022 1879 1065 1967 (1θῖ
1072 1877 1193 1940 Basilea

72 1986 151 2048 Oleco
171 1986 364 2048 constantien
382 1989 457 2046 dioc.
487 1987 651 2048 Terminati
668 2008 785 2065 quoque
804 1989 851 2047 die
872 1989 974 2064 quinta
993 1990 1102 2048 mensis
1120 1989 1184 2049 Mai

74 2095 152 2157 Inue
178 2099 285 2156 dmcae
299 2098 517 2156 incarnationis
536 2097 871 2158 M⁰CCOO⁰LXVIII⁰.
904 2097 987 2156 Laus
1007 2097 1102 2157 Deo.”
1133 2098 1190 2158 His

74 2204 197 2266 boodd.
220 2207 386 2266 Barbarinis
407 2208 618 2284 distinguendis
639 2208 835 2267 &nuculeum
860 2225 988 2266 errorem
1014 2208 1191 2267 commisisse

77 2316 177 2376 nundi
197 2319 230 2375 in
250 2317 429 2394 praefatione
449 2319 583 2377 editionis
604 2337 687 2376 meae
707 2319 827 2375 minoris
841 2315 932 2377 Plinii
952 2316 1024 2376 Vol.
1038 2317 1079 2375 V.
1101 2337 1131 2392 p.
1146 2316 1189 2376 X.

78 2421 176 2485 Ianus
194 2433 294 2486 autem
316 2434 347 2485 et
366 2429 472 2485 borum
486 2428 716 2486 Barbarinorum
735 2433 765 2484 et
783 2428 874 2484 trium
894 2427 1108 2485 Vaticanorum
1121 2432 1189 2485 tux

81 2527 160 2613 (apud
177 2537 376 2596 Renzonicum
394 2535 530 2594 Vatican.
549 2537 591 2594 H.
613 2530 708 2595 1951.
727 2535 786 2592 ΠΙ.
808 2530 901 2594 1952.
925 2534 983 2594 Ν.
1007 2527 1116 2615 1953.)
1137 2555 1188 2594 ex·

81 2645 172 2720 serpsit
187 2644 258 2704 libr.
272 2644 313 2704 V.
335 2642 472 2718 §1-7.,
493 2646 572 2704 unde
591 2646 627 2703 de
648 2644 742 2720 pretio
762 2662 874 2717 eorum,
895 2645 1020 2722 siquod
1041 2652 1096 2720 est,
1116 2648 1188 2706 certi

82 2751 173 2829 dqud
187 2755 281 2814 statui
294 2755 404 2831 nequit.

112 2859 208 2923 codex
218 2867 401 2924 Monacensis
416 2866 478 2924 sive
489 2866 687 2942 Pollingensis
699 2859 758 2950 (P)
770 2868 1011 2949 membranaceus
1025 2883 1101 2925 saec.
1113 2866 1185 2925 XV.

83 2968 283 3034 tamasim
302 2975 434 3033 rotundis
453 2977 626 3037 nitidissime
645 2977 771 3053 scriptus
791 2994 891 3034 omnes
904 2973 997 3032 Plinii
1010 2975 1101 3033 libros
1116 2994 1187 3034 con·

83 3078 146 3156 bo,
168 3085 278 3142 omisso
297 3084 371 3142 libro
389 3085 496 3161 primo,
517 3104 577 3143 non
597 3086 704 3144 omisso
718 3084 844 3161 epistola
856 3084 1079 3159 nuncupatoria.
1108 3082 1188 3144 Sub-

82 3182 184 3268 ¹scriptio
197 3195 271 3253 baec
285 3202 344 3252 est:
367 3193 470 3265 „Laus
484 3194 560 3269 Deo.
582 3192 617 3253 0.
630 3192 722 3252 Plinii
736 3191 863 3252 Secundi
876 3192 1030 3251 Naturalis
1050 3194 1188 3252 historiae

81 3299 202 3362 volumen
221 3304 260 3362 ab
281 3304 392 3380 optimo
410 3304 570 3381 exemplari
590 3304 709 3363 editum.
744 3300 829 3376 Quod
850 3303 1036 3361 emendatum
1059 3302 1116 3362 tuit
1134 3322 1187 3381 per

79 3411 312 3482 mulmissimos
333 3415 415 3472 viros
430 3411 595 3472 Guarinum
615 3412 820 3472 Veronensem
839 3421 869 3471 et
886 3411 1034 3471 Thomam
1055 3415 1092 3472 de
1112 3415 1187 3473 Vin·

78 3522 161 3580 anua
169 3520 330 3582 Guilielmo
342 3521 465 3600 Capello
481 3524 672 3582 coadiutanta.
692 3523 782 3581 Anno
797 3523 906 3581 domini
997 3521 1185 3581 CCCCLIX.

73 3625 158 3690 Nonis
173 3631 358 3709 Septembris
372 3633 510 3709 Explicit.
536 3633 672 3692 Andreas
692 3634 729 3690 de
743 3631 853 3707 Caligis
874 3633 1045 3690 Notarius.’'
1070 3631 1186 3690 Ianus

71 3737 187 3801 iuobss.
202 3741 278 3801 crltt
293 3761 323 3818 p.
339 3738 390 3801 11.
405 3742 484 3800 bunc
497 3743 624 3801 codicem
640 3762 678 3801 ex
691 3742 801 3819 duplici
819 3742 900 3801 fonte
914 3741 1034 3799 fluxisse
1049 3759 1185 3818 compro-

70 3849 124 3923 bet,
141 3852 185 3909 ita
202 3859 238 3910 ut
257 3851 370 3928 priores
390 3851 458 3911 libri
471 3851 584 3910 XVIII
596 3830 642 3910 ‘ex
661 3852 720 3910 alio
742 3858 830 3926 atque
852 3857 1008 3925 sequentes
1026 3850 1186 3929 archetypo

68 3957 122 4018 sint
139 3961 295 4038 desumpti.
325 3961 361 4020 Id
380 3961 464 4037 sequi
484 3979 522 4019 ex
540 3961 781 4037 inscriptionibus
794 3960 926 4037 priorum
939 3961 1092 4031 librorum,
1112 3980 1185 4037 quo·

66 4086 129 4127 rum
142 4070 290 4130 secundus
303 4071 412 4129 omisso
426 4070 520 4146 primo
533 4070 710 4129 inscribatur
728 4070 840 4146 primus
855 4071 957 4130 eodem
977 4089 1075 4129 errore
1088 4089 1184 4146 usque

65 4180 99 4240 sd
117 4179 242 4242 XVIII.
262 4181 397 4258 repetito,
421 4199 486 4244 cum
508 4179 599 4240 XIX.
621 4187 651 4240 et
672 4187 825 4257 sequentes
846 4181 914 4243 libri
931 4181 1037 4243 iustam
1058 4183 1184 4243 habeant
