2714 4710
147 282 168 340 4
493 295 697 342 uaruaams
720 294 915 342 nrsroums

149 447 372 522 contuberni03
396 469 456 510 nec
479 448 650 529 quicquam
671 447 702 508 in
720 458 750 510 to
765 447 900 511 mutavit
914 447 1061 531 fortunae
1075 447 1265 543 amplitudq‚

147 554 207 619 nisi
234 566 269 620 ut
296 557 449 639 prodesse
477 557 663 621 tantundem
690 578 803 640 posses
830 568 867 620 ut
893 557 1000 621 velles.
1050 555 1163 640 Itaque
1191 578 1321 622 cums.

148 665 263 728 ceteris
285 665 317 727 in
339 666 577 728 venerationem
600 665 646 727 tui
668 675 799 749 pateant
821 665 926 729 omnia
946 667 1009 742 illa,
1032 665 1124 730 nobis
1145 666 1187 730 ad
1209 688 1265 732 co-

146 773 277 838 lendum
300 783 331 837 te
353 773 539 837 familiarius
561 773 695 838 audacia
717 775 783 839 sola
804 784 966 859 superest3
989 775 1072 840 hanc
1093 774 1192 863 igitur
1207 776 1266 842 tibi

147 881 309 965 inputabis
332 883 420 945 etin
440 892 514 945 nost
515 905 550 945 ra
572 883 666 966 culpa
689 882 776 946 tibi
767 904 926 969 ignosces.
968 882 1129 949 Perfricui
1149 884 1267 950 faciem
1334 879 1343 973 1

147 1011 207 1054 nec
230 1000 335 1054 tamon
357 990 490 1075 profeci,
514 991 663 1072 quoniam
684 991 798 1055 alia
768 1014 820 1055 ιιι
841 993 1060 1117 occurrisv
1016 1015 1119 1081 gens
1141 1005 1174 1058 et
1195 995 1265 1060 lon·
1336 980 1338 987 ¹

148 1099 221 1185 gius
244 1100 339 1163 etiam
362 1098 562 1165 submoves
553 1101 664 1186 ingeni
686 1099 837 1164 fascibus.
871 1100 1060 1188 Fulgurat'
1051 1125 1085 1166 111
1105 1103 1170 1168 ullo
1192 1127 1265 1168 um·
1281 1122 1295 1165 5

148 1230 244 1291 quam
277 1209 384 1274 verius
417 1210 503 1274 dicta
535 1209 583 1272 vis
617 1209 833 1291 eloquentiae,
872 1210 1060 1277 tribuniciae
1097 1213 1266 1297 potestatis

51 1305 53 1310 ¹
149 1319 338 1383 facundiae?
383 1317 513 1398 Quanto
534 1328 571 1381 tu
594 1340 648 1382 ore
670 1341 713 1402 pa
714 1318 770 1380 tris
792 1317 904 1383 laudes
928 1319 1034 1384 tonasl
1058 1330 1177 1402 quanto
1199 1321 1265 1386 fra-

150 1429 207 1501 tris
229 1428 331 1492 amasi
356 1438 493 1510 quantus
514 1427 548 1489 in
562 1427 688 1510 poetica
702 1426 752 1490 es!
781 1424 813 1489 Ο
828 1450 945 1514 magna
959 1429 1138 1529 fecunditas
1153 1429 1265 1494 animil

151 1537 421 1620 quemadmodum
448 1536 580 1600 fratrem
607 1538 735 1618 quoque
761 1536 930 1601 imitareris
954 1512 1153 1625 excogitasti.
1198 1534 1295 1605 Sede

184 1768 228 1802 uec
246 1751 390 1815 quicquam,
408 1746 458 1800 Pl.
476 1748 651 1813 nequicquam,
669 1765 691 1798 a.
719 1747 898 1827 nequidquam,
915 1751 962 1800 bd.
984 1766 1028 1800 uec
1045 1749 1197 1814 quidquam,
1213 1749 1266 1818 dr.

150 1835 319 1896 nequaquam,
329 1835 410 1896 ...-q
430 1817 457 1866 iu
475 1825 498 1864 te
516 1816 632 1877 mutavit,
645 1817 719 1865 Ρ...
740 1814 800 1876 uisi,
812 1817 902 1865 Ambr.
914 1819 936 1867 Ι.
947 1819 983 1867 Π.
995 1819 1090 1881 aliique
1101 1833 1142 1882 ep.
1155 1821 1266 1870 Remou

152 1885 228 1936 ..in
247 1884 287 1933 bis
305 1885 372 1944 nisi,
391 1877 594 1948 ιιιιιΤΡΔηλ,
613 1886 683 1945 quod
698 1897 731 1931 ex
748 1884 837 1931 litteris
854 1885 960 1946 paulum
976 1887 1085 1935 traiectis
1098 1885 1151 1934 iuis
1168 1889 1267 1937 atinde

151 1960 212 2002 nata
228 1952 402 2014 dittographia
419 1958 504 1999 ortum
519 1951 748 1998 videturesse.-
770 1948 912 2012 prodesset,
929 1967 1006 2017 η.-
1026 1949 1266 2020 posseadeqtl.

149 2011 740 2082 ροιιιι,ιι1Τ.-.ιιι,ιιιιιΤΡΔηλι.ιιβ

186 2085 201 2145 ξ
215 2091 238 2134 4
251 2083 445 2144 venerationem,
457 2086 494 2132 ad
506 2081 607 2144 (Ambr.
619 2083 654 2132 II.
656 2079 668 2144 )
687 2083 857 2144 veneratione,
874 2081 1006 2151 ΡιιιΔηλ
1019 2084 1120 2148 (Ambr
1132 2082 1168 2148 I.)
1183 2126 1212 2134 -
1226 2104 1268 2137 su·

150 2160 238 2216 pereat
249 2146 348 2212 sola,l.
367 2152 403 2201 Ut
414 2166 459 2213 per
470 2152 608 2200 maximam
621 2150 697 2199 huius
709 2151 872 2213 praefationis
884 2161 990 2232 partem²
1001 2154 1037 2203 ita
1047 2155 1091 2203 hic
1102 2168 1204 2217 quoque
1215 2155 1269 2205 Pli-

152 2221 211 2269 nius
227 2234 349 2282 perquam
366 2219 485 2282 impedite
502 2219 623 2280 loquitur,
641 2219 738 2267 duabus
757 2219 852 2268 scilicet
869 2221 999 2270 sententiis
1016 2236 1061 2284 per
1072 2236 1099 2271 se
1109 2221 1227 2271 facilibus
1244 2231 1270 2271 et

154 2286 310 2350 simplicibus
327 2287 509 2336 violentissime
522 2287 587 2335 sibi
581 2287 687 2335 innexis.
707 2287 837 2336 Sententia
848 2287 908 2347 loci,
921 2303 997 2349 quem
1014 2296 1121 2352 excepto
1138 2303 1191 2337 uno
1203 2290 1269 2338 Tur·

154 2355 230 2415 nebo,
243 2355 286 2417 qui
297 2362 383 2403 tamen
394 2368 508 2417 peruerse
525 2368 584 2402 eum
596 2354 728 2414 intellexit,
741 2368 830 2402 omnes
846 2355 993 2417 interpretes
1005 2356 1072 2404 sicco
1089 2358 1153 2419 pede
1164 2357 1270 2406 transie-

154 2429 220 2482 runt,
237 2423 273 2470 ιιι
290 2429 328 2472 ιιι
345 2423 513 2485 expedienda:
530 2423 620 2484 Itaque
632 2436 690 2470 cum
701 2429 730 2470 tn
742 2422 880 2470 etiamnum
891 2436 948 2470 eam
960 2437 1037 2484 quam
1048 2437 1129 2486 nuper
1141 2423 1168 2472 in
1179 2431 1269 2473 contu-

153 2489 241 2538 bemio
254 2488 401 2538 facilitatem
414 2497 439 2539 et
455 2490 639 2538 humanitatem
651 2489 715 2537 mihi
726 2495 849 2551 praestes,
866 2503 919 2536 non
931 2490 1014 2538 minus
1025 2489 1182 2539 familiariter
1193 2505 1269 2553 quam

155 2564 230 2604 antea
241 2564 266 2605 te
279 2572 294 2604 ι
310 2571 351 2604 me
362 2557 414 2604 coli
425 2572 471 2619 par
482 2564 527 2617 est,
541 2557 629 2605 ceteris
640 2556 795 2616 hominibus,
808 2557 899 2617 quibus
911 2556 998 2619 aliqua
1014 2563 1098 2606 tecum
1109 2559 1269 2608 necessitudo

155 2623 293 2681 intercedit,
311 2624 368 2670 sola
384 2624 545 2671 veneratione
562 2622 698 2671 utentibus.
716 2625 771 2672 Iam
784 2624 806 2672 si
818 2624 952 2685 quaeritur,
970 2625 1091 2687 quidnam
1106 2625 1166 2674 illos
1183 2627 1217 2674 ιιι
1232 2625 1270 2675 tut

155 2690 355 2747 venerationem,
377 2704 418 2736 me
435 2690 467 2737 ad
484 2691 581 2739 cultum
598 2689 748 2738 familiarem
765 2699 918 2752 permoveat,
936 2699 1040 2754 apparet
1056 2691 1128 2740 illam
1144 2693 1270 2754 procreari

155 2759 267 2819 pondere
285 2763 309 2804 ιι
326 2757 475 2805 auctoritate
492 2757 593 2805 illarum
606 2758 696 2819 quibus
712 2757 824 2819 fungeris
836 2758 995 2818 dignitatum,
1012 2760 1081 2807 huuc
1092 2775 1145 2808 una
1155 2759 1203 2809 niti
1213 2774 1271 2809 mea

158 2824 271 2886 audacia,
283 2838 337 2871 non
348 2823 420 2872 aliter
432 2825 542 2872 exerceri
554 2839 636 2887 posse,
643 2825 692 2873 nisi
704 2826 809 2873 audacia
820 2840 865 2888 per
876 2840 903 2874 se
914 2826 1080 2888 rituperabili,
1090 2827 1161 2876 cuius
1172 2841 1231 2877 cum
1242 2834 1271 2876 tu

155 2892 209 2954 ipse
226 2900 315 2940 auctor
326 2890 367 2951 sis,
383 2906 437 2939 non
448 2892 520 2953 mihi,
533 2894 576 2940 sed
593 2892 642 2940 soli
654 2891 700 2940 tibi
712 2892 813 2955 culpam
825 2893 968 2955 imputabis.
992 2893 1040 2943 His
1051 2900 1137 2943 autem
1147 2894 1271 2958 expositis

156 2959 236 3008 altera
252 2959 328 3008 ctiam
345 2958 481 3008 difficultas
499 2959 614 3019 occurrit,
633 2974 709 3020 quam
725 2961 829 3009 verbum
847 2967 962 3021 superest
978 2961 1052 3009 nobis
1069 2968 1144 3022 creat,
1162 2961 1272 3024 quodsi

156 3041 202 3089 pro
216 3035 305 3087 restat,
319 3024 420 3089 reliqua
433 3035 471 3075 est
483 3028 578 3076 dictum
590 3041 644 3075 esse
656 3034 736 3089 putes,
750 3027 869 3089 epodosis
881 3027 976 3089 protasi
988 3041 1041 3076 ιιοιι
1058 3029 1185 3079 convenit.
1208 3030 1271 3079 Inde

156 3095 231 3154 enim,
242 3097 312 3156 quod
321 3095 371 3143 illis
381 3095 469 3144 ceteris
480 3110 567 3144 omnes
577 3095 629 3144 Titi
639 3095 772 3155 dignitates
781 3097 814 3143 ad
822 3095 1010 3143 fenerationem
1018 3103 1113 3157 patent,
1125 3110 1180 3145 non
1188 3096 1271 3159 sequi·

155 3169 196 3209 ιιιι
213 3163 298 3210 Plinio
317 3162 399 3211 solam
416 3164 547 3212 audaciam
563 3162 680 3224 relinqui.
703 3163 793 3211 Potius
810 3176 868 3209 cum
880 3175 955 3223 supra
972 3176 1002 3210 ea
1019 3176 1083 3224 quae
1095 3164 1155 3213 Tito
1168 3163 1272 3227 propria

156 3236 239 3277 essent
250 3230 301 3277 illis
313 3230 401 3279 ceteris
412 3230 480 3277 riam
492 3233 523 3279 ad
534 3231 723 3278 venerationem
739 3229 875 3278 munivisse
886 3229 985 3278 Plinius
997 3229 1096 3290 dixerit,
1113 3228 1272 3293 hicquoqn'e

155 3295 242 3355 aliqua
259 3296 311 3343 Titi
328 3296 406 3343 virtus
424 3299 646 3345 commemoranda
662 3303 728 3355 erat,
746 3311 811 3358 quae
827 3296 941 3345 Plinium
957 3297 990 3344 ad
1007 3297 1103 3346 cultum
1119 3296 1271 3347 familiarem

155 3361 278 3420 incitaret,
292 3362 373 3423 qualis
386 3370 439 3410 erat
450 3363 603 3412 humanitas.
626 3364 694 3412 Tum
706 3371 791 3412 autem
802 3362 886 3412 Plinio
900 3363 1023 3412 sententia
1034 3365 1167 3427 paululum
1178 3365 1270 3415 immu-

155 3428 232 3475 tanda
244 3435 269 3475 et
285 3429 321 3475 ita
338 3427 389 3475 fere
402 3429 560 3477 scribendum
573 3435 637 3477 erat:
654 3430 740 3492 itaque
751 3431 816 3478 haec
832 3437 877 3479 tua
888 3431 1032 3479 humamtas
1049 3433 1118 3480 adte
1135 3431 1271 3482 colendum
1343 3470 1347 3490 ,

155 3494 286 3543 audaciam
298 3494 362 3542 mihi
375 3494 468 3543 tribuit.
481 3494 552 3543 Haec
562 3509 620 3543 cum
631 3496 667 3544 ita
679 3497 736 3558 sint,
749 3505 872 3559 superest,
885 3498 956 3546 cuius
967 3498 1026 3545 loco
1039 3498 1187 3561 simpliciter
1197 3506 1270 3563 pote-

154 3568 194 3610 rat
205 3562 287 3610 dicere
300 3569 345 3622 est,
364 3561 475 3610 aPlinio
493 3568 570 3624 propt
570 3576 597 3610 ιι
613 3563 764 3612 adiectivnm
776 3562 833 3612 sola
850 3572 888 3613 est
900 3565 1012 3628 positum
1029 3566 1124 3614 cumvi
1142 3566 1271 3629 aliquast

155 3629 327 3692 praegnantis,
346 3629 417 3691 quasi
435 3629 534 3677 Plinius
552 3629 619 3678 dicat
635 3631 682 3679 sibi
699 3633 732 3679 ad
749 3632 831 3680 solam
848 3633 979 3680 audaciam
992 3631 1191 3695 confugiendum
1208 3647 1289 3693 essa.

155 3698 285 3746 audaciam
298 3712 377 3745 unum
389 3710 443 3744 esse
460 3696 507 3744 sibi
518 3694 652 3758 refugium.
670 3698 720 3747 Per
735 3699 840 3747 verbum
852 3706 975 3761 superest,
993 3699 1019 3747 in
1031 3713 1083 3761 quo
1095 3701 1167 3748 notio
1179 3699 1272 3764 reliqui

154 3763 273 3826 primaria
290 3771 334 3825 est,
353 3763 497 3824 angustiam
509 3778 580 3812 suam
593 3765 738 3826 oppositam
754 3766 826 3814 illam
842 3766 964 3815 multis'
941 3766 988 3815 v1is
1001 3779 1065 3828 quae
1083 3768 1272 3898 ceterisgqteut

155 3829 306 3892 ιιςιιιιιιιι,Ι
299 3846 325 3878 ιι
338 3845 414 3892 quam
427 3844 485 3878 eum
497 3846 543 3880 sua
560 3831 665 3880 audacia
677 3832 729 3880 Titi
741 3831 889 3882 familiarius
901 3833 1001 3882 colendi
1014 3833 1157 3884 coniecerit

154 3911 209 3944 esse
222 3897 337 3960 igiturh.
350 3898 367 3946 l.
381 3898 447 3946 idom
465 3901 583 3959 estquod
595 3907 696 3978 praesto
709 3914 771 3961 esse,
788 3903 876 3950 adesse
889 3898 950 3962 (rid.
964 3898 1032 3959 §2⁶-
1049 3906 1139 3962 12,11.
1153 3900 1270 3952 Oudend

154 3966 186 4013 ad
198 3964 267 4014 Suet.
282 3964 342 4015 Oth.
357 3961 417 4026 6.,)
420 3965 482 4024 ,Illis
493 3966 559 4015 mult
549 3974 589 4015 tae
600 3968 656 4016 ιιιι
667 3982 701 4031 pa
702 3975 768 4016 t·ent
762 3968 852 4028 ,mihi
865 3967 924 4016 licet
936 3967 1045 4016 multum
1058 3969 1185 4047 diuque'
1163 3984 1270 4019 orreum·

154 4033 293 4093 spexerim,
317 4047 350 4080 ex
373 4034 490 4082 omuibus
507 4034 554 4083 viis
571 4049 634 4095 quas
651 4037 683 4084 ad
696 4042 720 4083 te
738 4035 873 4084 colendum
890 4035 987 4097 ingredi
1003 4035 1100 4098 possim
1116 4043 1204 4085 tamen
1219 4051 1272 4086 una

153 4100 231 4146 modo
244 4085 349 4148 audacia
361 4108 481 4162 superest,
495 4109 591 4150 ceterae
602 4103 658 4151 viae
669 4102 733 4151 mihi
744 4111 802 4152 sunt
814 4103 921 4162 clausae,
934 4103 998 4151 haec
1009 4118 1061 4151 una
1072 4103 1137 4152 mihi
1148 4111 1271 4168 superest,

152 4167 289 4215 remanet?
307 4169 348 4216 Ita
359 4182 410 4228 qua
418 4183 442 4215 ιι
436 4168 549 4217 Plinius
560 4170 636 4218 verba
645 4177 754 4233 pateant
766 4178 791 4219 et
802 4176 918 4232 superest
930 4169 976 4218 sibi
989 4171 1138 4235 opposuerit
1149 4179 1267 4236 patet...

590 4256 629 4331 ,Ι
