2714 4710
600 304 790 348 PRAEFATIO.
1214 307 1261 348 vn

176 456 280 516 Codex
300 459 456 518 Vossianus
466 451 534 538 (V)
548 456 657 516 Ieidae
671 471 717 516 11.
734 454 785 516 61.
807 457 917 516 Forma
930 456 1058 515 maxima
1070 459 1101 515 in
1116 460 1261 517 membra·

132 569 181 626 nis
199 567 275 626 binis
295 566 438 626 columnis
460 567 587 644 scriptus
597 609 606 638 ,
629 585 648 625 a
666 566 779 626 Ioanne
797 567 949 626 Friderico
969 564 1135 640 Gronovio,
1157 569 1208 643 qui
1226 586 1261 626 ee

20 703 27 710 ·
132 678 246 754 primus
265 678 297 735 iu
315 677 393 735 notis
413 677 475 735 suis
495 677 534 734 ad
552 675 683 736 Plinium
707 695 781 736 usus
802 680 862 750 est,
889 677 1074 735 venerandae
1099 677 1263 752 antiquitati

133 787 282 846 tribuitur.
303 784 440 844 Pertinet
459 805 479 844 a
497 782 549 845 20.
571 782 675 856 1186.
696 805 790 863 usque
810 789 849 846 ad
868 771 1030 858 33197,
1052 787 1104 848 sed
1123 787 1263 848 lacunam

132 898 223 956 habet
236 891 288 956 35.
308 899 324 965 i
340 892 379 955 17
382 891 528 955 6-194.
566 894 663 973 Culpa
680 893 794 956 librarii
811 896 922 956 factum
944 904 999 969 est,
1019 905 1054 954 ut
1072 897 1145 955 setis
1166 897 1265 974 magni

132 1001 257 1078 111131,
276 1000 463 1065 118-131.
484 1000 536 1076 32,
554 1001 698 1065 17-31.
721 1001 773 1078 33,
790 1002 997 1066 95-98.1111
1015 1005 1046 1064 in
1060 1024 1095 1065 eo
1114 1007 1263 1081 legentur,

132 1117 243 1192 quibus
256 1116 294 1173 de
307 1113 525 1190 repetitionibus
540 1116 707 1174 accuratius
721 1117 778 1174 hoc
791 1112 857 1174 locb
876 1123 922 1174 est
940 1117 1097 1190 egendum,
1120 1133 1197 1189 cum,
1220 1116 1264 1174 uti

55 1254 65 1260 ’·
132 1224 212 1284 inira
225 1225 266 1282 ad
280 1224 410 1283 codicem
423 1224 649 1283 Riecardianum
665 1219 721 1304 (R)
736 1232 766 1283 et
779 1225 948 1284 Parisinum
962 1226 982 1282 d
996 1232 1169 1300 exponetur,
1191 1226 1264 1282 certi

132 1335 247 1410 aliquid
271 1353 310 1392 ex
333 1334 392 1391 illis
418 1334 454 1391 de
479 1334 610 1392 codicum
637 1335 808 1410 cognatione
832 1335 932 1409 colligi
956 1335 1061 1410 possit.
1095 1333 1136 1390 Et
1160 1333 1263 1392 tertius

131 1444 253 1520 quidem
272 1441 355 1500 locus
375 1438 427 1513 33,
444 1439 579 1503 95-98.
598 1444 743 1519 repetitus
762 1444 871 1518 legitur
890 1462 966 1520 pone
986 1442 1078 1501 verba
1099 1461 1185 1518 qnam
1203 1443 1281 1500 mo?

132 1554 292 1630 lybditirni
308 1546 380 1610 106.
400 1551 530 1609 eiusdem
549 1551 617 1610 libri
636 1555 666 1610 et
683 1561 807 1629 apparet
827 1553 981 1610 librarium
999 1552 1163 1629 archetypi,
1183 1551 1264 1611 unde

133 1661 165 1720 V
190 1669 236 1720 est
259 1661 465 1736 manscriptus,
490 1679 574 1719 mero
599 1679 699 1718 errore
722 1662 809 1719 illum
838 1661 937 1718 locum
968 1659 1064 1716 denuc
1083 1661 1262 1718 exaravisse.

133 1770 233 1830 Maior
252 1770 436 1847 perturbatio
461 1776 508 1828 est
532 1770 562 1826 in
587 1770 758 1845 repetitione
778 1770 911 1846 priorum
935 1768 1084 1840 locorum,
1110 1769 1150 1825 ad
1174 1786 1264 1842 quam

132 1878 352 1954 intelligendam
370 1898 419 1937 res
439 1885 485 1936 est
505 1878 594 1937 altius
613 1878 781 1955 repetenda.
809 1877 1010 1955 Incipiendum
1032 1879 1104 1935 vero
1125 1895 1144 1935 a
1165 1877 1263 1944 verbis
1332 1909 1339 1915 -

133 1983 393 2059 31,118..131.
419 1988 470 2047 Sic
490 1999 517 2046 et
536 1991 709 2065 serpentium
727 1991 866 2048 mercibus
885 2037 927 2048 ..
947 1989 1079 2062 redrpere
1092 1985 1174 2064 Afri,
1194 1985 1261 2061 qui-

132 2098 191 2156 bus
208 2096 323 2155 duabus
346 2097 470 2174 syllabis
496 2098 614 2174 scriptis
639 2099 738 2156 statim
762 2092 1072 2172 11111111132,17.
1100 2092 1262 2156 inserendis

128 2207 277 2285 praebent.
304 2208 342 2265 In
361 2207 499 2265 Stabiano
519 2255 562 2266 ...
581 2202 633 2279 32,
649 2203 700 2266 43.
720 2211 836 2284 saepius
857 2226 922 2266 cere
944 2217 1091 2283 quantam.
1121 2205 1201 2264 Tum
1219 2204 1261 2263 le·

131 2320 244 2393 guntur
256 2311 309 2388 31,
326 2311 398 2375 131.
414 2335 487 2374 voce
499 2316 626 2393 abrupta
639 2335 743 2374 rursus
758 2325 909 2391 resumpta
926 2335 1015 2375 canas
1029 2335 1151 2392 quarum
1165 2332 1260 2390 usque

130 2427 171 2484 ad
184 2426 273 2485 finem
286 2425 355 2484 hbri
369 2432 399 2482 ct
413 2425 517 2483 deinde
530 2421 582 2498 32,
600 2421 715 2485 1-17.
731 2427 842 2484 hiantia
856 2427 996 2496 manibus,
1012 2443 1087 2500 quae
1100 2427 1260 2487 cohaerent

130 2553 200 2594 cum
219 2534 279 2593 illis
298 2536 459 2593 inserendis
475 2537 623 2611 praebent.
651 2534 731 2593 Tum
750 2543 829 2592 recte
850 2534 1017 2592 scribuntur
1030 2534 1122 2592 verba
1137 2531 1189 2605 32,
1204 2529 1257 2592 43.

130 2646 294 2720 oemfiaiam
313 2641 345 2702 in
364 2624 517 2704 menstruis
536 2691 578 2703 ....
595 2639 653 2716 32,
674 2638 724 2703 57.
741 2647 896 2720 pastinaca
915 2655 1015 2704 contra
1033 2664 1125 2717 snam,
1151 2644 1258 2719 quibus

131 2754 252 2811 demum
265 2753 357 2811 finitis
378 2754 504 2829 repetita
522 2753 662 2828 leguntur
676 2753 766 2812 verba
780 2749 832 2827 31,
850 2749 922 2814 118.“
957 2754 1007 2814 Sic
1034 2764 1060 2812 et
1083 2756 1259 2830 serpentina

124 2909 175 2932 .,..
188 2857 242 2933 31,
259 2857 331 2921 131.
350 2863 482 2938 redegere
496 2861 577 2940 Afri,
593 2881 669 2938 quae
688 2839 779 2940 supra
798 2882 851 2922 sue
872 2864 938 2921 loco
952 2863 1049 2938 posita
1070 2863 1209 2932 vidimus,
1228 2868 1259 2919 et

129 2980 197 3030 tum
218 2966 271 3043 32,
288 2966 339 3031 17.
358 2974 517 3031 inserendis
533 2974 681 3048 praebent.
708 2974 746 3031 In
760 2973 898 3031 Stabiano
918 3019 960 3030 ..
980 2967 1032 3040 32,
1048 2966 1100 3027 31.
1118 2973 1258 3045 privatim

129 3090 233 3140 cenna
250 3082 378 3152 viscum„
388 3098 464 3156 quae
484 3089 561 3139 certe
576 3081 683 3158 partim
697 3081 808 3157 pariter
822 3097 922 3155 supra,
938 3096 1117 3154 quamquam
1130 3095 1258 3136 111111

131 3189 210 3261 1111,
229 3195 355 3248 exstem.
386 3188 428 3246 Et
447 3208 556 3264 magna
574 3189 649 3247 haec
666 3189 855 3266 perturbatio
880 3194 945 3246 erte
969 3193 1015 3247 est
1038 3187 1109 3246 folio
1127 3207 1186 3246 uno
1207 3195 1259 3246 aut

132 3299 250 3358 duobus
269 3299 376 3357 codicis
394 3298 545 3377 archetypi
563 3318 583 3357 a
602 3298 770 3374 bibliopega
798 3298 877 3355 male
896 3296 1076 3369 transiectis,
1104 3298 1182 3355 unde
1206 3297 1258 3354 ille

132 3407 238 3479 codex,
258 3409 309 3483 qui
328 3407 395 3466 lons
414 3416 461 3467 est
478 3408 630 3466 habendus
645 3408 751 3466 codicis
765 3407 806 3478 V,
828 3416 873 3465 est
892 3408 1100 3483 transcriptum
1121 3403 1257 3466 librarius

130 3517 253 3574 secundi
274 3517 380 3576 codicis
400 3536 500 3575 errore
519 3517 702 3593 deprehenso
720 3535 832 3576 novum
855 3535 985 3575 errorem
1005 3518 1158 3587 commisit,
1179 3518 1267 3590 quod·

132 3626 227 3684 verba
249 3644 310 3684 nen
334 3627 453 3697 1111111,
479 3627 531 3684 sed
549 3628 636 3685 modo
658 3627 838 3702 transposita
861 3627 970 3684 iterum
998 3627 1125 3685 scribere
1153 3627 1257 3700 coepit,

130 3733 188 3792 sed
213 3752 282 3792 cum
305 3735 424 3793 taudem
449 3735 573 3794 vidisset
591 3735 683 3793 verba
702 3735 754 3793 illa
774 3752 833 3794 non
853 3734 961 3794 omissa
981 3753 1060 3806 1111,
1085 3735 1117 3792 in
1136 3730 1188 3805 32,
1201 3730 1257 3815 31.

130 3842 263 3901 substitit
282 3862 378 3920 neque
398 3861 491 3920 usque
511 3840 616 3915 11132,
631 3839 684 3902 43.
705 3850 751 3902 est
769 3862 956 3920 progressus.
979 3841 1118 3902 Omnium
1137 3845 1256 3902 illerum

129 3951 335 4026 repetitionum
361 3954 546 4013 diversitates
566 3953 727 4029 scripnnae
746 3953 778 4009 in
799 3953 925 4012 editione
944 3973 1009 4012 mea
1033 3954 1118 4013 attuli
1141 3963 1256 4014 notatas

129 4048 231 4120 littera
253 4055 293 4120 Ψ.
324 4060 463 4122 Ceterum
484 4063 585 4135 codex,
608 4063 652 4121 uti
672 4063 731 4120 iam
751 4061 824 4121 vidit
845 4060 1024 4135 Gronovius,
1046 4064 1077 4121 in
1097 4071 1181 4139 parte
1202 4083 1257 4124 sua

130 4172 291 4248 superstite
305 4173 423 4249 optimis
436 4173 517 4234 libris
531 4180 577 4233 est
596 4173 844 4245 adnumerandus,
866 4191 1044 4250 quamquam
1062 4175 1162 4234 multis
1177 4174 1255 4235 vitiis
