2714 4710
113 253 175 317 316
461 269 665 317 urrunnun
687 268 881 318 nrsrorurn

112 417 307 482 Exeundum
330 414 448 482 deinde
468 427 527 495 est,
551 428 588 481 ut
603 427 713 482 extera
727 416 877 505 Europae
892 418 1040 486 dieantur
1055 429 1240 507 transgres-
1253 443 1281 486 m

114 518 221 601 sisque
246 516 387 603 Ripaeos
412 517 528 582 montis
552 516 629 581 litus
654 518 767 603 oceani
792 519 1050 604 septentrionalis
1074 521 1111 584 in
1136 523 1241 600 laeva,

114 619 218 685 donec
238 619 443 705 perveniatur
465 615 578 695 Gadis,
599 617 783 706 legendum.
820 619 948 686 Insulae
976 623 1150 707 conplures
1173 624 1241 688 sine

112 717 294 784 nominibus
317 741 354 783 eo
377 719 441 782 situ
462 715 640 795 traduntur,
667 718 847 802 exquibus
869 729 943 784 ante
965 717 1137 805 Scythiam
1159 745 1242 808 quae

114 822 294 906 appellatur
314 817 484 883 Baunonia
505 839 601 884 unam
624 817 735 884 abesse
758 818 821 884 diei
844 841 951 899 cursu,
977 821 1012 885 in
1035 843 1135 906 quam
1155 822 1241 888 veris

115 931 258 1006 tempore
278 919 429 985 fluctibus
452 919 605 983 electrum
627 918 771 998 eiciatur,
794 919 947 986 Timaeus
968 922 1134 1007 prodidit,
1165 924 1239 988 reli-

114 1043 178 1106 qua
202 1022 296 1088 litora
324 1020 445 1085 ineerta
477 1020 603 1106 signata
634 1019 729 1085 fama.
771 1017 1040 1107 Septentrionalis
1083 1045 1238 1090 oceanus:

97 1121 317 1187 'Amalchium
339 1143 415 1185 eum
435 1118 620 1185 Hecataeus
642 1122 783 1208 appellat
803 1146 823 1186 a
835 1121 1034 1209 Parapaniso
1050 1147 1155 1203 amne,
1178 1147 1241 1209 qua

115 1219 284 1307 Scythiam
314 1221 427 1299 adluit,
458 1220 545 1304 quod
573 1241 690 1286 nomen
717 1221 786 1286 eius
811 1221 918 1309 gentis
946 1222 1061 1311 lingua
1082 1224 1241 1312 signifieat

116 1324 333 1411 congelatum3
363 1321 531 1388 Philemon
555 1321 802 1388 Morimarusam
823 1346 842 1389 a
864 1320 1005 1389 Cimbris
1032 1325 1155 1404 vocari,
1182 1326 1240 1392 hoc

115 1435 165 1489 est
193 1435 354 1488 mortuum
382 1446 486 1501 mare,
516 1423 592 1489 inde
619 1445 722 1509 usque
751 1422 793 1489 ad
819 1424 1071 1509 promontorium
1097 1423 1239 1503 Rubcas,

115 1524 199 1589 ultra
221 1522 337 1588 deinde
353 1520 516 1588 Cronium.
542 1522 728 1609 Xenophon
741 1522 984 1610 Lampsacenus
1005 1548 1026 1588 a
1047 1525 1141 1590 litore
1158 1523 1278 1611 Scy-u
1312 1546 1315 1561 ·

116 1625 242 1690 thorum
269 1623 366 1687 tridui
393 1623 598 1709 navigatione
624 1623 762 1688 insulam
788 1645 859 1690 esse
886 1624 1051 1690 inmensae
1077 1625 1239 1714 magnitu-

117 1725 200 1791 dinis
221 1723 359 1789 Baltiam
382 1723 488 1801 tradit,
512 1722 647 1788 eandem
659 1722 803 1808 Pytheas
817 1722 971 1789 Basiliam
991 1725 1148 1790 nominat.
1177 1725 1240 1793 Fe·

117 1837 232 1890 runtur
260 1836 292 1891 et
318 1822 431 1890 Oonao
458 1825 491 1887 iu
519 1824 635 1907 quibus
663 1824 732 1890 ovis
762 1826 871 1891 avium
899 1837 931 1890 et
957 1825 1092 1892 havenis
1120 1827 1240 1893 incolae

116 1927 241 2004 urant,
272 1926 352 1989 aliae
379 1925 413 2001 in
441 1925 558 2007 quibus
585 1924 709 2010 equinis
737 1925 877 2011 pedibus
897 1926 1042 1993 homines
1069 1940 1242 1995 nascantur

37 2044 40 2048 '
117 2025 331 2113 Hippopodes
353 2025 515 2110 appellati,
538 2024 747 2090 Panotiorum
768 2026 849 2091 aliae
870 2027 904 2090 in
926 2027 1044 2112 quibus
1057 2027 1146 2093 nuda
1160 2029 1241 2095 alio·

118 2128 196 2212 quin
218 2146 350 2212 corpora
372 2124 589 2211 praegrandes
610 2125 752 2211 ipsorum
774 2148 868 2192 aures
890 2137 957 2192 tota
979 2138 1164 2216 contegant.
1186 2129 1280 2196 In-as

153 2339 220 2401 §aa
233 2334 269 2385 ad
280 2334 388 2394 eundem,
400 2334 433 2383 K.
447 2372 478 2383 ..
491 2339 597 2392 caetera,
609 2348 628 2380 r.
643 2369 674 2381 ,.
687 2332 892 2395 transyressiqua
904 2333 970 2383 Rob.
984 2374 1015 2384 ..
1029 2334 1151 2400 Ripaeos,
1163 2335 1195 2385 R.
1208 2377 1238 2386 ..

122 2403 212 2461 Gadis,
223 2404 280 2453 RA
292 2398 384 2463 (aab.)
405 2400 496 2459 Gades,
508 2394 580 2463 dssr.
602 2438 628 2446 -
649 2396 783 2447 Rannoma
794 2415 875 2460 arram,
887 2402 939 2451 Td.
962 2400 1109 2452 Rauncmia
1120 2421 1199 2464 unam,
1210 2405 1241 2454 B.

119 2471 340 2528 Baunomaanam‚
356 2465 401 2518 tir.
427 2467 559 2517 Baunonia
572 2484 652 2527 unani,
663 2466 697 2516 A.
720 2463 949 2528 Bannomannafi.
977 2469 1037 2526 Via,
1051 2471 1142 2520 Ulrert.
1155 2485 1241 2534 geogr.

118 2546 168 2587 rat.
180 2539 227 2588 ΙΙΙ.
242 2543 265 2585 2.
277 2551 302 2599 p.
315 2541 373 2584 351.
392 2574 424 2583 ..
443 2533 500 2595 diei,
512 2532 624 2583 RATd.
644 2551 661 2581 a
673 2532 775 2596 Scythia
788 2531 844 2595 diei,
855 2528 884 2594 β.
902 2575 934 2584 ..
953 2551 1013 2598 qua,
1024 2537 1057 2586 R.
1078 2577 1110 2587 -
1128 2546 1242 2602 tempore,

119 2604 173 2654 ΒΑ
182 2597 275 2653 OTdr.
295 2600 417 2663 temperie,
428 2596 457 2660 β.
471 2640 502 2648 ..
520 2599 631 2660 eiciatur,
643 2600 674 2649 R.
694 2600 805 2661 iaciatur,
818 2600 852 2649 A.
870 2598 1078 2667 εἰίο(”α1(ιν,(1βγ.
1093 2643 1125 2654 ..
1147 2604 1242 2654 Timae-

119 2687 157 2731 us,
168 2670 286 2731 fragmm.
298 2674 340 2717 33.
352 2670 390 2716 cd.
403 2668 503 2717 Mulier.
531 2665 650 2717 Ceterum
661 2681 684 2715 v.
697 2671 739 2728 37,
751 2673 791 2716 35.
805 2673 845 2717 36.
860 2708 891 2716 -
909 2668 1006 2731 reliqua
1018 2669 1102 2732 litora,
1113 2673 1169 2722 Rd.
1188 2671 1242 2721 lito·

119 2752 151 2785 ra
168 2735 271 2798 reliqua,
287 2733 321 2783 A.
344 2733 425 2795 litora,
443 2735 473 2784 T.
493 2773 524 2782 ..
543 2733 581 2781 sic
598 2743 667 2794 noto,
685 2737 708 2784 d.
728 2775 759 2783 -
784 2733 997 2796 septentrionalem
1009 2753 1131 2800 oceanum,
1147 2737 1241 2788 Dicuil

119 2817 198 2852 mens.
212 2804 265 2851 orb.
277 2801 337 2850 vn.
352 2807 374 2862 5,
389 2808 410 2851 1.
430 2842 461 2850 -
479 2799 626 2864 Amolcium,
637 2802 671 2851 A.
689 2801 742 2851 Sua
753 2803 814 2851 hinc
825 2803 934 2866 sumpsit
945 2803 1027 2853 Solin.
1042 2810 1083 2866 19,
1096 2812 1120 2854 2.
1133 2845 1165 2854 -
1183 2822 1242 2866 eum,

120 2871 202 2920 omitt.
214 2868 239 2918 R
251 2865 371 2930 (Dicuil.)
391 2909 422 2918 ..
440 2868 588 2929 Hecataeus,
600 2871 703 2918 Barbar.
715 2869 770 2918 Ad.
788 2868 927 2930 Haecatcii,
939 2871 970 2920 R.
996 2871 1140 2933 Vecataeus,
1152 2886 1176 2920 a.
1195 2872 1242 2923 Ge·

120 2946 201 2988 terum
212 2952 236 2986 v.
249 2938 369 2988 Hecataei
381 2935 498 2999 fragmm.
514 2942 569 2985 160.
582 2938 620 2985 ed.
632 2936 732 2986 Mulier.
751 2976 782 2984 ..
801 2935 966 3000 Parapaniso,
978 2937 1012 2987 A.
1039 2937 1207 3002 Parapaniso,
1218 2953 1242 2988 σ.

119 3005 274 3070 Paropanso‚
287 3006 319 3055 R.
337 3003 496 3068 Parapasino
508 3010 533 3052 ct
544 3001 676 3063 Parasino,
689 3005 762 3052 codd.
774 3004 877 3053 Dicuili.
905 3002 1076 3069 Parapamiso,
1089 3001 1140 3070 βγ.
1170 3007 1243 3056 Cete-

119 3089 176 3124 rum
187 3075 263 3123 verba
276 3090 292 3121 a
303 3071 366 3121 Par.
376 3113 407 3121 ..
419 3069 493 3121 alluit
504 3086 572 3133 pone
584 3085 687 3119 oceanus
700 3071 808 3118 collocat
816 3071 883 3119 Piut.
896 3111 927 3120 ..
946 3071 993 3136 qai,
1006 3073 1103 3122 Dicuil.
1113 3113 1146 3122 ..
1156 3073 1243 3135 obtuit,

120 3142 170 3190 1³¹.
190 3181 220 3189 -
242 3138 321 3202 pertis
338 3137 425 3201 linyua
440 3137 578 3202 siynptcat,
595 3138 611 3186 d
629 3134 750 3198 (Dicuil.)
776 3136 856 3200 peritis
873 3138 1011 3202 sipiificat,
1029 3141 1092 3190 ΒΤ.
1120 3139 1244 3204 siginificat

119 3206 205 3270 pontis,
218 3207 250 3254 A.
269 3244 301 3254 ...
317 3205 420 3268 piemon,
432 3220 456 3269 p.
471 3246 502 3254 -
522 3203 580 3252 inde
591 3220 672 3268 usque,
684 3205 769 3268 'Pdpr
780 3201 900 3267 (Dicuil.)
918 3222 1003 3269 usque,
1016 3202 1128 3271 ahur.
1142 3247 1174 3257 ..
1190 3206 1243 3258 Ra

121 3276 185 3332 beas,
197 3272 292 3320 Dicuil.
304 3279 330 3320 et
341 3271 422 3321 Solin.
446 3271 567 3333 Rusbeas,
579 3271 686 3335 BAdp.
706 3313 737 3320 ..
758 3269 875 3332 Cronium,
886 3274 990 3323 Barbar.
1003 3275 1030 3324 A
1042 3271 1165 3337 (Dicuil.)
1187 3274 1243 3325 Gre-

120 3341 193 3399 nium,
205 3341 280 3388 Rdc.
303 3336 419 3398 Cremna,
431 3353 455 3401 p.

154 3409 221 3470 §aa
239 3403 360 3466 Baltiam,
378 3405 477 3455 Cluver.
497 3406 581 3456 Germ.
599 3415 649 3457 ant.
666 3413 690 3457 3.
707 3422 731 3470 p.
752 3411 808 3456 161.
839 3405 996 3458 Confirmant
1008 3411 1025 3459 d
1037 3405 1148 3469 (Dicuili
1164 3410 1244 3458 codex

120 3472 207 3536 uuus.)
225 3473 349 3533 Balciam,
366 3474 444 3536 RAp
460 3471 569 3535 (Dicuili
585 3476 666 3524 codex
683 3473 767 3536 alter.)
786 3515 817 3524 ..
836 3472 947 3534 tradidit,
960 3476 983 3523 d.
1003 3516 1035 3524 -
1054 3474 1150 3537 eadem,
1168 3491 1193 3539 p.
1212 3515 1243 3525 -

121 3540 240 3607 Pytheas,
255 3540 351 3591 Dicuili
364 3541 446 3590 codex
457 3556 531 3590 unns.
553 3539 690 3606 Hyrieus,
701 3541 764 3591 RA.
785 3540 902 3606 Plynos,
914 3557 931 3604 p
943 3538 1052 3602 (Dicuili
1064 3545 1149 3592 codex
1161 3539 1244 3603 altar.)

121 3608 232 3668 Plziteas,
244 3612 268 3659 d.
285 3609 345 3659 Vid.
357 3610 437 3659 Fuhr.
455 3606 562 3673 Pytheas
574 3625 622 3655 aas
635 3605 768 3669 Massilia,
781 3624 805 3672 p.
820 3612 859 3659 75.
877 3649 908 3657 ..
926 3606 1062 3670 Basiliam,
1074 3610 1177 3673 BApa
1186 3607 1245 3670 (Di-

122 3679 183 3727 cuili
195 3680 277 3727 codex
291 3674 379 3738 nnus.)
407 3673 541 3732 Balisiam
554 3677 570 3725 d
582 3670 692 3737 (Vatia.)
709 3675 797 3740 Atque
809 3677 844 3724 ite
854 3677 976 3725 Letronn.
993 3677 1021 3725 in
1034 3684 1143 3739 quaestt.
1156 3679 1188 3726 de
1199 3677 1245 3727 Di·

123 3746 191 3794 euilo
202 3761 229 3809 p.
243 3750 282 3794 53.
297 3747 353 3794 147.
366 3744 502 3806 legendum
518 3756 572 3791 esse
584 3743 690 3802 dixerat,
703 3757 779 3805 quam
792 3745 937 3806 opinionem
949 3745 1003 3808 ipsc
1015 3752 1106 3808 postea
1118 3746 1152 3793 ad
1162 3745 1245 3808 ipsum

122 3812 219 3862 Dicuili
235 3813 322 3862 locum
338 3811 488 3861 renactavit
512 3807 646 3867 Baletium,
663 3810 726 3858 alter
742 3812 824 3860 codex
835 3811 939 3860 Dicuili.
958 3851 990 3860 ..
1008 3809 1143 3871 nominant,
1159 3811 1195 3861 A.
1215 3851 1245 3862 -

126 3879 218 3941 Ocnae,
230 3894 255 3943 p.
277 3878 378 3939 Oeonae,
389 3879 423 3929 A.
444 3877 530 3937 Oeone,
542 3878 588 3927 Rd
600 3873 694 3939 (Rob.)
719 3875 835 3938 anones,
847 3878 917 3927 Mela
928 3877 978 3927 ΙΙΙ.
992 3885 1016 3938 6,
1029 3885 1052 3928 8.
1070 3878 1154 3929 Solia.
1170 3884 1210 3940 19,
1223 3884 1246 3929 6.

52 3988 58 3995 ,
126 3946 258 4008 ormenae,
274 3947 377 4006 Dicuil.,
395 3948 427 3995 ad
444 3961 519 4009 quem
535 3959 558 3994 v.
575 3945 697 3995 Letronn.
714 3959 740 4008 p.
759 3950 816 3995 143.
838 3944 989 4005 anonaeae,
1001 3946 1081 3996 Hand.
1100 3986 1133 3994 ..
1152 3944 1179 3993 in
1194 3945 1248 4010 qui·

124 4013 177 4073 bus,
187 4029 211 4075 p.
231 4015 285 4078 quis
297 4029 321 4075 n,
333 4015 365 4064 R.
389 4013 470 4077 quisi,
483 4016 506 4063 d.
532 4011 595 4076 quio,
606 4013 640 4063 A.
664 4012 882 4076 quarum,Dicuil.
901 4052 933 4061 -
952 4013 1037 4062 avium
1054 4013 1209 4062 marinarum
1225 4021 1248 4063 ct

124 4081 210 4129 avenis
228 4080 300 4143 uulyo
312 4080 473 4141 nascentibus,
492 4080 572 4131 Solin.
589 4089 614 4130 et
624 4080 718 4131 Dicuil.
733 4119 764 4127 ..
777 4077 891 4140 aduenis,
904 4083 944 4129 dr.
964 4080 1044 4128 ovium
1057 4078 1169 4130 adamae
1182 4089 1203 4128 et
1215 4082 1249 4130 iu-

123 4143 200 4207 colae,
211 4147 244 4197 K.
258 4188 289 4196 -
308 4147 402 4210 equinis
419 4188 450 4195 -
467 4149 493 4198 in
506 4148 593 4212 quibas
609 4163 659 4197 om.
677 4149 709 4196 R.
729 4188 760 4196 ..
775 4147 911 4212 ypopodea
928 4163 953 4210 p.
976 4148 1037 4198 Vid.
1049 4147 1112 4198 Mel.
1130 4154 1156 4196 et
1167 4147 1249 4198 Solin.

124 4213 141 4262 l.
154 4212 171 4261 1.
192 4253 222 4263 ..
240 4212 403 4274 Panotiornm,
422 4214 532 4265 Turneb.
549 4217 605 4287 ady.
623 4220 646 4277 6,
666 4220 704 4265 19.
724 4229 756 4265 ex
768 4214 859 4266 Isidori
876 4216 956 4279 origg.
968 4214 1016 4267 XI.
1029 4221 1054 4276 3,
1068 4219 1108 4266 19.
1128 4214 1250 4266 Fanesio·
