2714 4710
276 261 355 304 me.
372 260 408 306 11.
438 260 853 308 0AP.I.xxx11..Lxxxv1.
882 261 980 309 sacr.
995 263 1084 306 aas.
1178 247 1239 311 183

120 419 228 476 motus
241 408 352 478 Tiberi
369 407 518 476 Caesaris
532 410 722 496 principatu,
737 429 791 475 ΧΗ
805 411 937 489 urbibus
952 409 1052 476 Asiae
1067 434 1131 478 una
1144 424 1237 479 nocte

119 511 289 596 prostratis
296 536 305 589 ;
337 511 547 576 creberrimus
567 510 692 577 Punico
718 511 819 591 bellu,
847 513 931 577 intra
959 513 1096 578 eundem
1121 537 1239 578 annum

120 612 264 697 septiens
278 633 317 676 ac
332 612 567 698 quinquagiens
582 613 744 677 nuntiatus
758 613 910 692 Romam,
922 603 923 607 ¹
934 636 997 698 quo
1013 614 1142 697 quidem
1157 637 1239 679 anuo

119 713 162 776 ad
182 712 407 777 Trasimenum
431 712 537 777 lacum
564 713 750 779 dimicantes
776 737 960 779 maxumum
986 725 1108 778 motum
1134 736 1240 798 neque

118 813 221 879 Poeni
243 834 373 878 sensere
394 836 454 878 nec
468 813 613 878 Romani.
643 813 712 879 Neo
734 837 809 893 vero
831 815 967 900 simplex
988 816 1107 880 malum
1129 826 1185 881 aut
1206 816 1239 880 in

117 914 191 997 ipso
213 923 339 980 tantum
360 926 452 979 motu
469 915 648 998 periculum
663 925 721 993 est,
745 916 803 981 sed
823 938 881 1001 par
903 927 958 981 aut
978 916 1082 981 maius
1103 927 1237 982 ostento.

117 1013 301 1098 Numquam
315 1015 393 1080 urbs
408 1014 511 1080 Roma
526 1016 664 1092 tremuit,
687 1025 724 1080 ut
744 1037 808 1079 non
830 1014 929 1080 futuri
950 1026 1084 1081 eventus
1103 1016 1238 1082 alicuius

117 1114 153 1177 id
172 1116 399 1198 praenuntium
421 1127 515 1180 esset.
826 1114 830 1126 *

156 1212 343 1281 LXXXV.
374 1216 426 1280 87.
448 1215 573 1281 Eadem
587 1216 786 1280 nascentium
800 1238 899 1280 causa
912 1224 1068 1282 terrarum
1082 1227 1143 1296 est,
1163 1241 1237 1284 cum
1250 1238 1297 1283 201

116 1314 204 1379 idem
224 1316 284 1381 ille.
301 1315 432 1400 spiritus
453 1315 624 1381 attollendo
645 1326 757 1400 potens
780 1316 846 1381 solo
865 1338 930 1380 non
943 1315 1046 1383 valuit
1060 1339 1236 1402 erumpere.

115 1413 300 1481 Nascuntur
321 1417 420 1495 euim,
443 1439 503 1482 neo
524 1415 691 1483 fluminum
712 1426 836 1481 tautum
858 1417 1003 1495 invectu,
1032 1418 1115 1484 siout
1134 1417 1235 1484 Euhi-

114 1515 215 1582 nades
247 1516 370 1583 insulae
397 1517 438 1583 ab
465 1515 611 1584 Acheloo
641 1540 734 1583 amne
767 1527 937 1606 congestae
969 1517 1132 1604 maiorque
1160 1541 1235 1603 pars

114 1615 262 1704 Aegypti
284 1640 303 1682 a
323 1616 407 1696 Nilo,
429 1618 463 1684 in
486 1640 583 1702 qaam
604 1641 624 1682 a
643 1617 749 1683 Pharo
769 1619 875 1684 insula
895 1618 1000 1683 noctis
1022 1629 1054 1683 et
1075 1620 1139 1685 diei
1161 1641 1234 1685 cur-

115 1737 187 1781 sum
209 1718 310 1784 fuisse
324 1717 468 1784 Homero
490 1719 660 1797 oredimus,
683 1742 743 1786 nec
763 1741 895 1784 recessu
916 1718 1023 1796 maris,
1047 1719 1130 1784 siout
1150 1719 1236 1785 idem

116 1813 271 1896 Circeiis,
298 1819 386 1902 quod
410 1820 567 1886 accidisse
590 1830 623 1885 et
648 1821 682 1884 in
707 1808 903 1885 Ambraciae
924 1827 1019 1904 portu
1041 1818 1153 1885 decem
1173 1819 1235 1884 mi-

113 1918 194 1983 hum
227 1941 381 2005 passuum
408 1921 574 1987 intervallo
605 1932 637 1986 et
664 1921 909 1990 Atheniensium
944 1919 1085 2003 quinque
1112 1920 1235 1985 milium

113 2040 269 2104 passuum
294 2021 337 2084 ad
360 2019 529 2088 Piraeeum
554 2033 748 2088 memoratur
774 2033 807 2087 et
827 2021 964 2109 Ephesi,
995 2020 1051 2087 ubi
1073 2021 1235 2104 quondam

65 2117 71 2124 ’
114 2121 227 2216 Qut
241 2120 368 2201 Dianae
382 2122 541 2189 adluebat.
564 2122 729 2189 Herodoto
752 2123 881 2207 quidem
904 2123 932 2188 si
954 2121 1124 2200 credimus,
1146 2144 1234 2187 mare

114 2221 177 2286 fuit
203 2243 301 2307 supra
326 2220 506 2307 Memphim
532 2245 635 2307 usque
663 2224 706 2288 ad
725 2220 923 2311 Aethiopum
950 2224 1067 2288 montis
1093 2223 1234 2306 itemque

114 2344 133 2386 a
154 2322 267 2408 planis
280 2321 439 2400 Arabiae,
462 2323 549 2389 mare
572 2325 657 2388 circa
677 2323 773 2389 Ilium
794 2335 826 2389 et
848 2334 915 2390 tota
935 2322 1131 2390 Teuthranie
1153 2343 1233 2404 qua-

113 2443 175 2507 que
198 2443 328 2508 campos
340 2423 494 2489 intulerit
514 2423 700 2489 Maeander.

153 2520 357 2588 LXXXVI.
381 2523 431 2587 88.
453 2522 637 2588 Nascuntur
660 2532 693 2588 et
714 2522 776 2587 alio
797 2521 894 2587 modo
917 2531 1020 2588 terrae
1041 2544 1080 2587 ae
1100 2531 1232 2609 repente
1246 2542 1295 2588 eoa

111 2626 146 2690 iu
167 2623 275 2709 aliquo
294 2624 376 2688 mari
398 2634 567 2711 emergunt
588 2623 675 2689 velut
700 2624 791 2708 paria
818 2645 926 2690 seeum
952 2623 1090 2690 faciente
1116 2632 1233 2689 natura

110 2747 259 2809 quaeque
279 2717 423 2791 hauserit
442 2727 547 2790 hiatus
569 2725 629 2790 alio
651 2725 721 2814 loco
742 2724 907 2791 reddente.

111 2877 135 2914 o.
152 2904 185 2914 -
203 2861 264 2926 Nic,
276 2866 325 2916 12¹.
344 2905 376 2915 ..
393 2867 419 2916 iu
432 2882 505 2928 quum
522 2881 539 2914 a
553 2863 645 2927 Pharo,
661 2867 705 2916 ad.
729 2863 755 2912 iu
767 2880 839 2928 quum
852 2864 943 2926 asora,
954 2865 1003 2914 R¹.
1027 2863 1053 2914 iu
1065 2865 1231 2928 aquamsaro‚

110 2932 161 2981 R2.
184 2931 460 2997 apostropharum
479 2973 512 2982 ..
527 2931 627 2994 fuisse,
645 2947 694 2981 om.
712 2933 752 2981 (1¹.
774 2946 859 2980 cursus
868 2929 926 2991 fuit
941 2929 973 2990 si,
989 2931 1056 2980 Pint.
1076 2971 1107 2981 ..
1125 2929 1231 2983 Homero

111 2998 203 3062 Odyss.
215 2992 244 3059 Δ,
262 3005 319 3050 354.
339 3039 370 3049 ..
389 3014 440 3060 uec,
452 3000 608 3050 RATado.
633 2999 678 3048 sed
689 3007 718 3058 et,
733 2993 784 3059 βγ.
803 2995 956 3046 Referuntur
967 2997 1031 3047 haee
1047 2998 1123 3046 rerba
1140 3000 1173 3046 ad
1184 2999 1231 3046 iui-

110 3065 175 3116 tium
187 3064 201 3125 ξ
215 3072 272 3115 202.
294 3068 393 3116 Plinius
409 3067 470 3116 dicit
481 3082 534 3115 uon
544 3067 584 3114 his
596 3071 698 3113 tantum
709 3065 808 3113 duobus
820 3063 903 3111 modis
919 3062 990 3111 nasci
1007 3070 1094 3122 terras,
1110 3077 1176 3125 quos
1188 3065 1231 3113 de·

110 3133 197 3183 scribit
208 3133 337 3195 hocloco,
353 3135 485 3184 sedetiam
496 3133 547 3182 alis
557 3131 664 3189 ratione,
676 3145 753 3193 quam
764 3128 830 3178 iufra
842 3127 922 3178 affert.
942 3167 973 3176 ..
991 3127 1061 3189 idem,
1074 3130 1230 3180 R²ATda

110 3197 199 3259 adem,
215 3200 285 3250 R's.
307 3199 391 3262 eidem,
407 3201 511 3250 Barbar.
527 3194 549 3258 β
556 3212 582 3262 γ.
601 3237 632 3246 ..
653 3193 766 3256 Circeiis,
783 3196 853 3245 R²a
878 3190 987 3255 Circeius,
1004 3210 1027 3246 σ.
1054 3194 1229 3259 Cerueiis,R¹.

112 3263 220 3363 Cerceis,
233 3266 285 3346 Td3
308 3266 337 3318 de
347 3264 466 3346 ⁴Circeiis,
477 3266 580 3315 Barbar.
591 3259 643 3329 βγ.
666 3262 995 3379 Ιητοῳὲαἶίξῖοῶατῖὲῖἷὲ
1003 3262 1083 3382 ἱξοὶὲοτ
1094 3280 1230 3394 possumus

110 3327 814 3464 &chidspsliidniedrldbtrdiiidlffiiffldddimuidd'sequi,
827 3366 958 3461 planitiem
969 3366 1039 3448 mind
1049 3347 1230 3451 Oiieeidirbiii3

109 3474 212 3530 gentem
224 3474 306 3516 ortam
319 3482 374 3518 esse
386 3469 463 3518 maris
475 3481 588 3517 recessu:
601 3466 701 3527 „sicut
714 3465 724 3515 i
729 3463 747 3513 d
751 3480 792 3515 em
804 3464 863 3515 dicit
871 3464 987 3516 Circeii
991 3481 1003 3512 s
1007 3465 1116 3528 suisse.”
1127 3503 1153 3515 -
1172 3464 1229 3514 Um·-

110 3532 219 3595 hruer'ue,
232 3526 315 3586 Τθᾶ.
327 3575 359 3585 ..
373 3532 572 3595 Atheniensium,
585 3535 602 3584 d
613 3530 690 3595 (sium
700 3534 727 3583 iu
738 3531 847 3596 rasura.)
859 3573 891 3583 ..
908 3532 1014 3596 quiaque
1032 3531 1131 3594 milium,
1143 3533 1228 3582 RAa.

110 3599 199 3651 amru.
211 3601 264 3650 Td.
276 3637 308 3652 ..
317 3617 445 3666 passuum,
457 3603 488 3651 R.
500 3602 588 3652 Onitt.
600 3596 753 3663 ATadssr.
764 3641 797 3650 ..
810 3599 906 3665 Ephesi
916 3600 965 3661 uhi,
978 3600 1019 3648 α’.
1036 3597 1163 3662 Ephesius
1179 3597 1229 3659 ubi,

110 3667 139 3717 R.
151 3665 277 3730 Ephesios
289 3670 337 3729 ubi,
346 3669 379 3718 A.
391 3667 519 3732 Ephesius,
532 3685 548 3718 a
557 3669 572 3716 ¹.
590 3665 723 3731 Ephesios,
736 3669 782 3718 Td
793 3664 897 3731 (quibas
909 3668 936 3716 in
948 3667 1020 3716 codd.
1032 3665 1076 3716 uhi
1086 3666 1143 3714 roci
1155 3680 1228 3727 quou-

110 3731 167 3785 dam
178 3733 330 3798 subiicitur.)
349 3735 467 3785 Ceterum
483 3737 601 3785 existimo
618 3735 753 3797 legendum
766 3750 821 3786 esse
836 3734 864 3784 E
878 3733 950 3786 hesiis
963 3732 1012 3794 ubi,
1029 3732 1074 3795 qui
1086 3731 1185 3780 dativus
1196 3733 1228 3780 ab

111 3801 234 3852 acidisse
248 3805 350 3866 pendet.
374 3841 406 3850 ...
424 3800 679 3864 adluebat,R²Aa².
702 3802 827 3864 abluebat,
869 3838 875 3852 .
898 3801 1016 3862 abluerat,
1029 3799 1121 3850 Ta¹d.
1144 3795 1229 3847 ablue-

111 3883 134 3916 re
145 3885 171 3930 u,
183 3870 233 3918 R¹.
251 3909 284 3918 ..
301 3869 426 3920 Herodoto
439 3875 461 3928 2,
476 3876 515 3919 10.
532 3910 564 3919 ..
582 3884 676 3931 usque,
688 3870 811 3918 R²Aad.
831 3883 890 3930 que,
903 3870 952 3918 at
971 3905 1003 3916 ..
1022 3864 1048 3916 iu
1056 3865 1149 3930 planis,
1160 3865 1228 3916 Pint.

112 3948 141 3985 ex
151 3936 247 3986 Herod.
260 3943 283 3996 2,
298 3942 337 3986 11.
357 3976 388 3985 ..
411 3951 486 3996 mare,
498 3937 670 3987 retruso.
688 3952 756 3985 mure
768 3945 798 3995 et,
814 3931 902 3997 why.
921 3974 952 3983 ..
971 3934 1044 3996 circu,
1056 3932 1228 3984 RlATadc.

112 4011 174 4063 aute,
186 4004 236 4052 3².
256 4043 288 4052 ..
311 4001 468 4064 Teuthranie,
484 4004 537 4052 Τσ.
565 4001 708 4060 Teutrauie',
724 4003 748 4052 R
760 4003 775 4051 ¹.
803 3999 829 4049 T
825 3999 962 4062 euthraate,
979 4001 1030 4051 st
1052 3998 1228 4060 Teuthraniae,

113 4068 162 4119 Ad.
185 4070 335 4131 Teutrauie,
347 4071 451 4121 Barbar.
464 4087 486 4120 a.
509 4068 672 4131 Teuthrania,
683 4066 734 4133 βγ.
754 4108 785 4118 ..
803 4083 906 4133 campos,
918 4068 993 4120 Rad.
1011 4084 1119 4134 campus,
1130 4067 1193 4118 AT.

142 4135 228 4196 §202
247 4135 341 4200 aliquo,
352 4138 450 4189 RAad
461 4135 589 4200 (Robert.)
613 4135 671 4198 alio,
687 4137 744 4189 SK.
767 4135 823 4198 ata,
836 4152 856 4184 r.
877 4175 904 4185 ..
925 4149 994 4187 mure
1010 4143 1127 4199 mereant,
1143 4136 1176 4186 A.
1196 4174 1226 4184 -

113 4218 181 4264 quae,
193 4220 216 4255 a.
237 4245 267 4253 -
287 4203 417 4266 recedente,
429 4207 460 4255 R.
1145 4231 1158 4253 ·.
