<?xml version="1.0" encoding="UTF-8"?>
<!DOCTYPE html PUBLIC "-//W3C//DTD XHTML 1.0 Transitional//EN"
    "http://www.w3.org/TR/xhtml1/DTD/xhtml1-transitional.dtd">
<html xmlns="http://www.w3.org/1999/xhtml" xml:lang="en" lang="en">
 <head>
  <title>
</title>
<meta http-equiv="Content-Type" content="text/html;charset=utf-8" />
  <meta name='ocr-system' content='tesseract 3.04.00' />
  <meta name='ocr-capabilities' content='ocr_page ocr_carea ocr_par ocr_line ocrx_word'/>
</head>
<body>
  <div class='ocr_page' id='page_1' title='image "./cplinisecundina00grongoog_0245.png"; bbox 0 0 2714 4710; ppageno 0'>
   <div class='ocr_carea' id='block_1_1' title="bbox 183 280 950 343">
    <p class='ocr_par' dir='ltr' id='par_1_1' title="bbox 183 280 950 343">
     <span class='ocr_line' id='line_1_1' title="bbox 183 280 950 343; baseline 0 -2"><span class='ocrx_word' id='word_1_1' title='bbox 183 280 243 342; x_wconf 80' lang='lat'>128</span> <span class='ocrx_word' id='word_1_2' title='bbox 530 295 733 342; x_wconf 73' lang='lat' dir='ltr'>urrunnun</span> <span class='ocrx_word' id='word_1_3' title='bbox 756 294 950 343; x_wconf 77' lang='lat' dir='ltr'>nrsronran</span> 
     </span>
    </p>
   </div>
   <div class='ocr_carea' id='block_1_2' title="bbox 171 445 1334 2550">
    <p class='ocr_par' dir='ltr' id='par_1_2' title="bbox 176 445 1300 1335">
     <span class='ocr_line' id='line_1_2' title="bbox 180 445 1300 534; baseline 0.003 -22"><span class='ocrx_word' id='word_1_4' title='bbox 180 448 371 513; x_wconf 79' lang='lat' dir='ltr'><strong>inlustrante</strong></span> <span class='ocrx_word' id='word_1_5' title='bbox 386 469 452 524; x_wconf 89' lang='lat' dir='ltr'>eas,</span> <span class='ocrx_word' id='word_1_6' title='bbox 474 447 569 511; x_wconf 91' lang='lat' dir='ltr'>modo</span> <span class='ocrx_word' id='word_1_7' title='bbox 584 447 709 524; x_wconf 89' lang='lat' dir='ltr'>raritas,</span> <span class='ocrx_word' id='word_1_8' title='bbox 732 457 768 510; x_wconf 92' lang='lat' dir='ltr'>ut</span> <span class='ocrx_word' id='word_1_9' title='bbox 789 446 915 534; x_wconf 86' lang='lat' dir='ltr'>fugisse</span> <span class='ocrx_word' id='word_1_10' title='bbox 936 445 1101 523; x_wconf 90' lang='lat' dir='ltr'>miremur,</span> <span class='ocrx_word' id='word_1_11' title='bbox 1122 447 1300 530; x_wconf 78' lang='lat' dir='ltr'>plenilunio</span> 
     </span>
     <span class='ocr_line' id='line_1_3' title="bbox 179 538 1298 634; baseline 0.002 -22"><span class='ocrx_word' id='word_1_12' title='bbox 179 548 407 626; x_wconf 77' lang='lat' dir='ltr'>abscondente,</span> <span class='ocrx_word' id='word_1_13' title='bbox 430 538 486 611; x_wconf 82' lang='lat' dir='ltr'>aut</span> <span class='ocrx_word' id='word_1_14' title='bbox 507 569 581 613; x_wconf 88' lang='lat' dir='ltr'>cum</span> <span class='ocrx_word' id='word_1_15' title='bbox 603 546 679 612; x_wconf 87' lang='lat' dir='ltr'>eolis</span> <span class='ocrx_word' id='word_1_16' title='bbox 698 569 835 632; x_wconf 81' lang='lat' dir='ltr'>suprave</span> <span class='ocrx_word' id='word_1_17' title='bbox 850 548 1008 612; x_wconf 87' lang='lat' dir='ltr'>dictarum</span> <span class='ocrx_word' id='word_1_18' title='bbox 1023 546 1104 612; x_wconf 87' lang='lat' dir='ltr'>radii</span> <span class='ocrx_word' id='word_1_19' title='bbox 1117 548 1210 613; x_wconf 88' lang='lat' dir='ltr'>visus</span> <span class='ocrx_word' id='word_1_20' title='bbox 1222 570 1298 634; x_wconf 89' lang='lat' dir='ltr'>per-</span> 
     </span>
     <span class='ocr_line' id='line_1_4' title="bbox 181 646 1298 734; baseline 0.003 -22"><span class='ocrx_word' id='word_1_21' title='bbox 181 648 340 714; x_wconf 87' lang='lat' dir='ltr'>strinxere</span> <span class='ocrx_word' id='word_1_22' title='bbox 353 657 489 712; x_wconf 89' lang='lat' dir='ltr'>nostros.</span> <span class='ocrx_word' id='word_1_23' title='bbox 523 646 568 710; x_wconf 83' lang='lat' dir='ltr'>Et</span> <span class='ocrx_word' id='word_1_24' title='bbox 587 646 659 731; x_wconf 91' lang='lat' dir='ltr'>ipsa</span> <span class='ocrx_word' id='word_1_25' title='bbox 681 657 788 712; x_wconf 89' lang='lat' dir='ltr'>autem</span> <span class='ocrx_word' id='word_1_26' title='bbox 808 647 887 712; x_wconf 89' lang='lat' dir='ltr'>luna</span> <span class='ocrx_word' id='word_1_27' title='bbox 905 647 1126 734; x_wconf 82' lang='lat' dir='ltr'>ingruentium</span> <span class='ocrx_word' id='word_1_28' title='bbox 1146 648 1226 714; x_wconf 85' lang='lat' dir='ltr'>solis</span> <span class='ocrx_word' id='word_1_29' title='bbox 1245 672 1298 714; x_wconf 87' lang='lat' dir='ltr'>ra·</span> 
     </span>
     <span class='ocr_line' id='line_1_5' title="bbox 178 747 1297 826; baseline 0.001 -13"><span class='ocrx_word' id='word_1_30' title='bbox 178 749 304 813; x_wconf 90' lang='lat' dir='ltr'>diorum</span> <span class='ocrx_word' id='word_1_31' title='bbox 332 749 410 812; x_wconf 87' lang='lat' dir='ltr'>baut</span> <span class='ocrx_word' id='word_1_32' title='bbox 436 747 534 813; x_wconf 92' lang='lat' dir='ltr'>dubie</span> <span class='ocrx_word' id='word_1_33' title='bbox 559 747 757 812; x_wconf 86' lang='lat' dir='ltr'>differentias</span> <span class='ocrx_word' id='word_1_34' title='bbox 780 749 897 826; x_wconf 84' lang='lat' dir='ltr'>sentit,</span> <span class='ocrx_word' id='word_1_35' title='bbox 924 747 1095 813; x_wconf 76' lang='lat' dir='ltr'>hebetante</span> <span class='ocrx_word' id='word_1_36' title='bbox 1117 759 1227 816; x_wconf 88' lang='lat' dir='ltr'>cetero</span> <span class='ocrx_word' id='word_1_37' title='bbox 1246 751 1297 814; x_wconf 92' lang='lat' dir='ltr'>in-</span> 
     </span>
     <span class='ocr_line' id='line_1_6' title="bbox 176 848 1296 938; baseline 0.003 -26"><span class='ocrx_word' id='word_1_38' title='bbox 176 849 278 915; x_wconf 86' lang='lat' dir='ltr'>flexos</span> <span class='ocrx_word' id='word_1_39' title='bbox 299 848 411 913; x_wconf 90' lang='lat' dir='ltr'>mundi</span> <span class='ocrx_word' id='word_1_40' title='bbox 432 848 633 914; x_wconf 80' lang='lat' dir='ltr'>convexitate</span> <span class='ocrx_word' id='word_1_41' title='bbox 656 869 710 912; x_wconf 85' lang='lat' dir='ltr'>eos</span> <span class='ocrx_word' id='word_1_42' title='bbox 734 859 960 933; x_wconf 80' lang='lat' dir='ltr'>praeterquam</span> <span class='ocrx_word' id='word_1_43' title='bbox 981 848 1038 912; x_wconf 94' lang='lat' dir='ltr'>ubi</span> <span class='ocrx_word' id='word_1_44' title='bbox 1058 848 1140 914; x_wconf 88' lang='lat' dir='ltr'>reati</span> <span class='ocrx_word' id='word_1_45' title='bbox 1160 851 1296 938; x_wconf 81' lang='lat' dir='ltr'>angulo·</span> 
     </span>
     <span class='ocr_line' id='line_1_7' title="bbox 176 947 1296 1043; baseline 0.003 -30"><span class='ocrx_word' id='word_1_46' title='bbox 176 973 249 1013; x_wconf 90' lang='lat' dir='ltr'>rum</span> <span class='ocrx_word' id='word_1_47' title='bbox 270 959 442 1043; x_wconf 77' lang='lat' dir='ltr'>conpetant</span> <span class='ocrx_word' id='word_1_48' title='bbox 461 949 556 1014; x_wconf 89' lang='lat' dir='ltr'>ictus.</span> <span class='ocrx_word' id='word_1_49' title='bbox 592 947 707 1031; x_wconf 89' lang='lat' dir='ltr'>Itaque</span> <span class='ocrx_word' id='word_1_50' title='bbox 734 949 768 1012; x_wconf 93' lang='lat' dir='ltr'>in</span> <span class='ocrx_word' id='word_1_51' title='bbox 794 948 950 1031; x_wconf 84' lang='lat' dir='ltr'>quadrato</span> <span class='ocrx_word' id='word_1_52' title='bbox 977 948 1052 1014; x_wconf 85' lang='lat' dir='ltr'>eolis</span> <span class='ocrx_word' id='word_1_53' title='bbox 1079 950 1212 1015; x_wconf 90' lang='lat' dir='ltr'>dividua</span> <span class='ocrx_word' id='word_1_54' title='bbox 1234 962 1296 1030; x_wconf 87' lang='lat' dir='ltr'>est,</span> 
     </span>
     <span class='ocr_line' id='line_1_8' title="bbox 176 1049 1296 1135; baseline 0.003 -22"><span class='ocrx_word' id='word_1_55' title='bbox 176 1051 209 1113; x_wconf 94' lang='lat' dir='ltr'>in</span> <span class='ocrx_word' id='word_1_56' title='bbox 232 1050 387 1133; x_wconf 88' lang='lat' dir='ltr'>triquetro</span> <span class='ocrx_word' id='word_1_57' title='bbox 411 1049 565 1115; x_wconf 87' lang='lat' dir='ltr'>seminani</span> <span class='ocrx_word' id='word_1_58' title='bbox 586 1049 726 1114; x_wconf 86' lang='lat' dir='ltr'>ambitur</span> <span class='ocrx_word' id='word_1_59' title='bbox 747 1049 846 1127; x_wconf 91' lang='lat' dir='ltr'>orbe,</span> <span class='ocrx_word' id='word_1_60' title='bbox 874 1049 1016 1135; x_wconf 87' lang='lat' dir='ltr'>inpletur</span> <span class='ocrx_word' id='word_1_61' title='bbox 1042 1060 1150 1115; x_wconf 87' lang='lat' dir='ltr'>autem</span> <span class='ocrx_word' id='word_1_62' title='bbox 1176 1051 1211 1115; x_wconf 90' lang='lat' dir='ltr'>in</span> <span class='ocrx_word' id='word_1_63' title='bbox 1235 1052 1296 1116; x_wconf 88' lang='lat' dir='ltr'>ad-</span> 
     </span>
     <span class='ocr_line' id='line_1_9' title="bbox 176 1149 1295 1237; baseline 0 -22"><span class='ocrx_word' id='word_1_64' title='bbox 176 1173 270 1215; x_wconf 86' lang='lat' dir='ltr'>verso</span> <span class='ocrx_word' id='word_1_65' title='bbox 287 1173 463 1235; x_wconf 87' lang='lat' dir='ltr'>rursusque</span> <span class='ocrx_word' id='word_1_66' title='bbox 484 1151 630 1215; x_wconf 88' lang='lat' dir='ltr'>minuens</span> <span class='ocrx_word' id='word_1_67' title='bbox 652 1150 781 1215; x_wconf 88' lang='lat' dir='ltr'>easdem</span> <span class='ocrx_word' id='word_1_68' title='bbox 803 1149 929 1237; x_wconf 79' lang='lat' dir='ltr'>effigies</span> <span class='ocrx_word' id='word_1_69' title='bbox 950 1149 1083 1234; x_wconf 78' lang='lat' dir='ltr'>paribus</span> <span class='ocrx_word' id='word_1_70' title='bbox 1105 1149 1174 1215; x_wconf 82' lang='lat' dir='ltr'>edit</span> <span class='ocrx_word' id='word_1_71' title='bbox 1193 1151 1295 1217; x_wconf 77' lang='lat' dir='ltr'>intar-</span> 
     </span>
     <span class='ocr_line' id='line_1_10' title="bbox 176 1249 1088 1335; baseline -0.002 -19"><span class='ocrx_word' id='word_1_72' title='bbox 176 1251 268 1316; x_wconf 85' lang='lat' dir='ltr'>vallis</span> <span class='ocrx_word' id='word_1_73' title='bbox 291 1249 384 1316; x_wconf 89' lang='lat' dir='ltr'>simili</span> <span class='ocrx_word' id='word_1_74' title='bbox 406 1252 539 1329; x_wconf 91' lang='lat' dir='ltr'>ratione,</span> <span class='ocrx_word' id='word_1_75' title='bbox 563 1273 626 1335; x_wconf 87' lang='lat' dir='ltr'>qua</span> <span class='ocrx_word' id='word_1_76' title='bbox 649 1273 746 1335; x_wconf 89' lang='lat' dir='ltr'>supra</span> <span class='ocrx_word' id='word_1_77' title='bbox 767 1251 867 1316; x_wconf 83' lang='lat' dir='ltr'>solem</span> <span class='ocrx_word' id='word_1_78' title='bbox 889 1249 951 1314; x_wconf 90' lang='lat' dir='ltr'>tria</span> <span class='ocrx_word' id='word_1_79' title='bbox 973 1249 1088 1314; x_wconf 87' lang='lat' dir='ltr'>sidera.</span> 
     </span>
    </p>

    <p class='ocr_par' dir='ltr' id='par_1_3' title="bbox 173 1351 1334 2242">
     <span class='ocr_line' id='line_1_11' title="bbox 218 1351 1334 1436; baseline 0 -20"><span class='ocrx_word' id='word_1_80' title='bbox 218 1352 319 1416; x_wconf 91' lang='lat' dir='ltr'>XIX.</span> <span class='ocrx_word' id='word_1_81' title='bbox 357 1355 408 1417; x_wconf 88' lang='grc'><strong>17.</strong></span> <span class='ocrx_word' id='word_1_82' title='bbox 433 1351 490 1419; x_wconf 87' lang='lat' dir='ltr'>Sol</span> <span class='ocrx_word' id='word_1_83' title='bbox 511 1364 618 1417; x_wconf 85' lang='lat' dir='ltr'>autem</span> <span class='ocrx_word' id='word_1_84' title='bbox 638 1353 709 1436; x_wconf 87' lang='lat' dir='ltr'>ipse</span> <span class='ocrx_word' id='word_1_85' title='bbox 731 1362 882 1434; x_wconf 88' lang='lat' dir='ltr'>quattuor</span> <span class='ocrx_word' id='word_1_86' title='bbox 902 1351 1099 1417; x_wconf 83' lang='lat' dir='ltr'>differentias</span> <span class='ocrx_word' id='word_1_87' title='bbox 1113 1351 1221 1431; x_wconf 89' lang='lat' dir='ltr'>habet,</span> <span class='ocrx_word' id='word_1_88' title='bbox 1243 1353 1293 1420; x_wconf 85' lang='lat' dir='ltr'>bie</span> <span class='ocrx_word' id='word_1_89' title='bbox 1306 1372 1334 1418; x_wconf 77' lang='grc' dir='ltr'>ει</span> 
     </span>
     <span class='ocr_line' id='line_1_12' title="bbox 174 1453 1293 1538; baseline -0.001 -18"><span class='ocrx_word' id='word_1_90' title='bbox 174 1465 311 1538; x_wconf 85' lang='lat' dir='ltr'>aequata</span> <span class='ocrx_word' id='word_1_91' title='bbox 336 1465 430 1518; x_wconf 90' lang='lat' dir='ltr'>noote</span> <span class='ocrx_word' id='word_1_92' title='bbox 458 1454 522 1518; x_wconf 90' lang='lat' dir='ltr'>diei</span> <span class='ocrx_word' id='word_1_93' title='bbox 547 1475 646 1517; x_wconf 91' lang='lat' dir='ltr'>verno</span> <span class='ocrx_word' id='word_1_94' title='bbox 674 1463 707 1516; x_wconf 89' lang='lat' dir='ltr'>et</span> <span class='ocrx_word' id='word_1_95' title='bbox 726 1463 888 1517; x_wconf 86' lang='lat' dir='ltr'>autumno</span> <span class='ocrx_word' id='word_1_96' title='bbox 913 1453 948 1517; x_wconf 93' lang='lat' dir='ltr'>in</span> <span class='ocrx_word' id='word_1_97' title='bbox 977 1463 1123 1518; x_wconf 82' lang='lat' dir='ltr'>centrum</span> <span class='ocrx_word' id='word_1_98' title='bbox 1147 1453 1293 1520; x_wconf 86' lang='lat' dir='ltr'>incidens</span> 
     </span>
     <span class='ocr_line' id='line_1_13' title="bbox 176 1552 1293 1639; baseline 0.001 -19"><span class='ocrx_word' id='word_1_99' title='bbox 176 1567 279 1620; x_wconf 89' lang='lat' dir='ltr'>terrae</span> <span class='ocrx_word' id='word_1_100' title='bbox 305 1555 427 1620; x_wconf 83' lang='lat' dir='ltr'>octavis</span> <span class='ocrx_word' id='word_1_101' title='bbox 453 1554 488 1618; x_wconf 93' lang='lat' dir='ltr'>in</span> <span class='ocrx_word' id='word_1_102' title='bbox 513 1554 660 1639; x_wconf 88' lang='lat' dir='ltr'>partibus</span> <span class='ocrx_word' id='word_1_103' title='bbox 688 1553 796 1618; x_wconf 89' lang='lat' dir='ltr'>arietis</span> <span class='ocrx_word' id='word_1_104' title='bbox 823 1576 861 1620; x_wconf 89' lang='lat' dir='ltr'>ao</span> <span class='ocrx_word' id='word_1_105' title='bbox 886 1552 996 1631; x_wconf 89' lang='lat' dir='ltr'>librae,</span> <span class='ocrx_word' id='word_1_106' title='bbox 1025 1553 1076 1620; x_wconf 86' lang='lat' dir='ltr'>bis</span> <span class='ocrx_word' id='word_1_107' title='bbox 1102 1555 1293 1639; x_wconf 80' lang='lat' dir='ltr'>permutatis</span> 
     </span>
     <span class='ocr_line' id='line_1_14' title="bbox 175 1653 1293 1742; baseline 0 -21"><span class='ocrx_word' id='word_1_108' title='bbox 175 1657 287 1742; x_wconf 88' lang='lat' dir='ltr'>spatiis</span> <span class='ocrx_word' id='word_1_109' title='bbox 312 1657 346 1720; x_wconf 94' lang='lat' dir='ltr'>in</span> <span class='ocrx_word' id='word_1_110' title='bbox 372 1666 502 1720; x_wconf 91' lang='lat' dir='ltr'>auctum</span> <span class='ocrx_word' id='word_1_111' title='bbox 528 1653 591 1719; x_wconf 91' lang='lat' dir='ltr'>diei</span> <span class='ocrx_word' id='word_1_112' title='bbox 620 1655 751 1732; x_wconf 91' lang='lat' dir='ltr'>bruma,</span> <span class='ocrx_word' id='word_1_113' title='bbox 785 1664 898 1718; x_wconf 85' lang='lat' dir='ltr'>octava</span> <span class='ocrx_word' id='word_1_114' title='bbox 924 1654 958 1717; x_wconf 94' lang='lat' dir='ltr'>in</span> <span class='ocrx_word' id='word_1_115' title='bbox 983 1664 1079 1739; x_wconf 85' lang='lat' dir='ltr'>parte</span> <span class='ocrx_word' id='word_1_116' title='bbox 1102 1655 1293 1740; x_wconf 90' lang='lat' dir='ltr'>capricorni,</span> 
     </span>
     <span class='ocr_line' id='line_1_15' title="bbox 173 1753 1292 1840; baseline -0.006 -18"><span class='ocrx_word' id='word_1_117' title='bbox 173 1759 277 1824; x_wconf 89' lang='lat' dir='ltr'>noctis</span> <span class='ocrx_word' id='word_1_118' title='bbox 298 1780 375 1823; x_wconf 93' lang='lat' dir='ltr'>vero</span> <span class='ocrx_word' id='word_1_119' title='bbox 397 1756 531 1822; x_wconf 87' lang='lat' dir='ltr'>solstitio</span> <span class='ocrx_word' id='word_1_120' title='bbox 553 1756 686 1820; x_wconf 84' lang='lat' dir='ltr'>totidem</span> <span class='ocrx_word' id='word_1_121' title='bbox 706 1755 740 1819; x_wconf 91' lang='lat' dir='ltr'>in</span> <span class='ocrx_word' id='word_1_122' title='bbox 761 1753 908 1839; x_wconf 91' lang='lat' dir='ltr'>partibus</span> <span class='ocrx_word' id='word_1_123' title='bbox 930 1755 1047 1819; x_wconf 85' lang='lat' dir='ltr'>cancri.</span> <span class='ocrx_word' id='word_1_124' title='bbox 1075 1754 1292 1840; x_wconf 72' lang='lat' dir='ltr'>Inaequalita-</span> 
     </span>
     <span class='ocr_line' id='line_1_16' title="bbox 174 1856 1293 1943; baseline 0 -20"><span class='ocrx_word' id='word_1_125' title='bbox 174 1859 215 1923; x_wconf 89' lang='lat' dir='ltr'>tis</span> <span class='ocrx_word' id='word_1_126' title='bbox 237 1879 334 1922; x_wconf 88' lang='lat' dir='ltr'>causa</span> <span class='ocrx_word' id='word_1_127' title='bbox 355 1856 526 1939; x_wconf 86' lang='lat' dir='ltr'>obliquitas</span> <span class='ocrx_word' id='word_1_128' title='bbox 549 1856 704 1942; x_wconf 86' lang='lat' dir='ltr'>signiferi,</span> <span class='ocrx_word' id='word_1_129' title='bbox 735 1877 808 1920; x_wconf 88' lang='lat' dir='ltr'>curn</span> <span class='ocrx_word' id='word_1_130' title='bbox 836 1878 911 1940; x_wconf 92' lang='lat' dir='ltr'>pars</span> <span class='ocrx_word' id='word_1_131' title='bbox 937 1877 1040 1938; x_wconf 88' lang='lat' dir='ltr'>aequa</span> <span class='ocrx_word' id='word_1_132' title='bbox 1060 1857 1172 1923; x_wconf 89' lang='lat' dir='ltr'>mundi</span> <span class='ocrx_word' id='word_1_133' title='bbox 1194 1880 1293 1943; x_wconf 85' lang='lat' dir='ltr'>super</span> 
     </span>
     <span class='ocr_line' id='line_1_17' title="bbox 175 1953 1292 2042; baseline 0.002 -20"><span class='ocrx_word' id='word_1_134' title='bbox 175 1969 350 2042; x_wconf 89' lang='lat' dir='ltr'>supterque</span> <span class='ocrx_word' id='word_1_135' title='bbox 372 1967 473 2021; x_wconf 89' lang='lat' dir='ltr'>terras</span> <span class='ocrx_word' id='word_1_136' title='bbox 495 1957 642 2022; x_wconf 88' lang='lat' dir='ltr'>omnibus</span> <span class='ocrx_word' id='word_1_137' title='bbox 663 1956 719 2020; x_wconf 90' lang='lat' dir='ltr'>fiat</span> <span class='ocrx_word' id='word_1_138' title='bbox 739 1956 919 2020; x_wconf 91' lang='lat' dir='ltr'>momentis.</span> <span class='ocrx_word' id='word_1_139' title='bbox 954 1953 1022 2022; x_wconf 86' lang='lat' dir='ltr'>Sed</span> <span class='ocrx_word' id='word_1_140' title='bbox 1043 1978 1126 2042; x_wconf 83' lang='lat' dir='ltr'>quae</span> <span class='ocrx_word' id='word_1_141' title='bbox 1146 1968 1238 2023; x_wconf 88' lang='lat' dir='ltr'>recta</span> <span class='ocrx_word' id='word_1_142' title='bbox 1258 1958 1292 2025; x_wconf 90' lang='lat' dir='ltr'>in</span> 
     </span>
     <span class='ocr_line' id='line_1_18' title="bbox 174 2057 1291 2145; baseline 0.003 -22"><span class='ocrx_word' id='word_1_143' title='bbox 174 2069 287 2124; x_wconf 86' lang='lat' dir='ltr'>exortu</span> <span class='ocrx_word' id='word_1_144' title='bbox 310 2080 367 2122; x_wconf 89' lang='lat' dir='ltr'>suo</span> <span class='ocrx_word' id='word_1_145' title='bbox 390 2067 587 2145; x_wconf 86' lang='lat' dir='ltr'>consurgunt</span> <span class='ocrx_word' id='word_1_146' title='bbox 608 2057 709 2144; x_wconf 83' lang='lat' dir='ltr'>signa,</span> <span class='ocrx_word' id='word_1_147' title='bbox 738 2057 882 2144; x_wconf 89' lang='lat' dir='ltr'>longiore</span> <span class='ocrx_word' id='word_1_148' title='bbox 911 2066 1015 2123; x_wconf 90' lang='lat' dir='ltr'>tractu</span> <span class='ocrx_word' id='word_1_149' title='bbox 1043 2067 1153 2122; x_wconf 86' lang='lat' dir='ltr'>tenent</span> <span class='ocrx_word' id='word_1_150' title='bbox 1171 2059 1291 2138; x_wconf 83' lang='lat' dir='ltr'>lucum,</span> 
     </span>
     <span class='ocr_line' id='line_1_19' title="bbox 173 2157 1180 2242; baseline -0.003 -18"><span class='ocrx_word' id='word_1_151' title='bbox 173 2181 256 2242; x_wconf 91' lang='lat' dir='ltr'>quae</span> <span class='ocrx_word' id='word_1_152' title='bbox 278 2181 354 2224; x_wconf 91' lang='lat' dir='ltr'>vero</span> <span class='ocrx_word' id='word_1_153' title='bbox 377 2157 516 2240; x_wconf 92' lang='lat' dir='ltr'>obliqua,</span> <span class='ocrx_word' id='word_1_154' title='bbox 539 2157 645 2222; x_wconf 91' lang='lat' dir='ltr'>ociore</span> <span class='ocrx_word' id='word_1_155' title='bbox 669 2167 837 2222; x_wconf 90' lang='lat' dir='ltr'>transeunt</span> <span class='ocrx_word' id='word_1_156' title='bbox 857 2157 971 2242; x_wconf 82' lang='lat' dir='ltr'>spatia.</span> <span class='ocrx_word' id='word_1_157' title='bbox 1015 2211 1017 2215; x_wconf 94' lang='lat'>.</span> <span class='ocrx_word' id='word_1_158' title='bbox 1177 2232 1180 2239; x_wconf 21' lang='grc' dir='ltr'>Ι</span> 
     </span>
    </p>

    <p class='ocr_par' dir='ltr' id='par_1_4' title="bbox 171 2249 1334 2550">
     <span class='ocr_line' id='line_1_20' title="bbox 214 2249 1334 2345; baseline 0 -21"><span class='ocrx_word' id='word_1_159' title='bbox 214 2257 298 2324; x_wconf 92' lang='lat' dir='ltr'>XX.</span> <span class='ocrx_word' id='word_1_160' title='bbox 336 2259 387 2325; x_wconf 83' lang='lat'>18.</span> <span class='ocrx_word' id='word_1_161' title='bbox 416 2259 515 2323; x_wconf 88' lang='lat' dir='ltr'>Latet</span> <span class='ocrx_word' id='word_1_162' title='bbox 540 2260 710 2343; x_wconf 90' lang='lat' dir='ltr'>plerosque</span> <span class='ocrx_word' id='word_1_163' title='bbox 731 2280 848 2345; x_wconf 85' lang='lat' dir='ltr'>magna</span> <span class='ocrx_word' id='word_1_164' title='bbox 870 2258 949 2322; x_wconf 90' lang='lat' dir='ltr'>caeli</span> <span class='ocrx_word' id='word_1_165' title='bbox 970 2249 1196 2325; x_wconf 81' lang='lat' dir='ltr'>adsectatione</span> <span class='ocrx_word' id='word_1_166' title='bbox 1210 2282 1291 2327; x_wconf 91' lang='lat' dir='ltr'>con-</span> <span class='ocrx_word' id='word_1_167' title='bbox 1303 2279 1334 2325; x_wconf 80' lang='lat' dir='ltr'>aa</span> 
     </span>
     <span class='ocr_line' id='line_1_21' title="bbox 171 2359 1290 2449; baseline -0.001 -21"><span class='ocrx_word' id='word_1_168' title='bbox 171 2374 301 2449; x_wconf 91' lang='lat' dir='ltr'>pertum</span> <span class='ocrx_word' id='word_1_169' title='bbox 322 2385 342 2426; x_wconf 87' lang='lat' dir='ltr'>a</span> <span class='ocrx_word' id='word_1_170' title='bbox 362 2360 561 2447; x_wconf 86' lang='lat' dir='ltr'>principibus</span> <span class='ocrx_word' id='word_1_171' title='bbox 588 2359 751 2425; x_wconf 89' lang='lat' dir='ltr'>doctrinae</span> <span class='ocrx_word' id='word_1_172' title='bbox 772 2359 860 2437; x_wconf 89' lang='lat' dir='ltr'>viris,</span> <span class='ocrx_word' id='word_1_173' title='bbox 890 2360 1090 2444; x_wconf 84' lang='lat' dir='ltr'>superiorum</span> <span class='ocrx_word' id='word_1_174' title='bbox 1119 2359 1217 2427; x_wconf 89' lang='lat' dir='ltr'>trium</span> <span class='ocrx_word' id='word_1_175' title='bbox 1243 2363 1290 2427; x_wconf 87' lang='lat' dir='ltr'>si-</span> 
     </span>
     <span class='ocr_line' id='line_1_22' title="bbox 173 2461 1290 2550; baseline -0.001 -21"><span class='ocrx_word' id='word_1_176' title='bbox 173 2464 285 2529; x_wconf 92' lang='lat' dir='ltr'>derum</span> <span class='ocrx_word' id='word_1_177' title='bbox 314 2463 399 2550; x_wconf 87' lang='lat' dir='ltr'>ignis</span> <span class='ocrx_word' id='word_1_178' title='bbox 429 2485 498 2527; x_wconf 91' lang='lat' dir='ltr'>esse</span> <span class='ocrx_word' id='word_1_179' title='bbox 530 2461 585 2544; x_wconf 91' lang='lat' dir='ltr'>qui</span> <span class='ocrx_word' id='word_1_180' title='bbox 614 2461 741 2526; x_wconf 91' lang='lat' dir='ltr'>decidui</span> <span class='ocrx_word' id='word_1_181' title='bbox 772 2461 814 2524; x_wconf 89' lang='lat' dir='ltr'>ad</span> <span class='ocrx_word' id='word_1_182' title='bbox 846 2462 947 2525; x_wconf 85' lang='lat' dir='ltr'>terras</span> <span class='ocrx_word' id='word_1_183' title='bbox 975 2461 1144 2526; x_wconf 88' lang='lat' dir='ltr'>fulminum</span> <span class='ocrx_word' id='word_1_184' title='bbox 1171 2485 1290 2528; x_wconf 90' lang='lat' dir='ltr'>nomen</span> 
     </span>
    </p>
   </div>
   <div class='ocr_carea' id='block_1_3' title="bbox 138 2701 1287 4312">
    <p class='ocr_par' dir='ltr' id='par_1_5' title="bbox 167 2701 1287 3504">
     <span class='ocr_line' id='line_1_23' title="bbox 205 2701 1287 2766; baseline 0.003 -15"><span class='ocrx_word' id='word_1_185' title='bbox 205 2701 340 2763; x_wconf 77' lang='lat' dir='ltr'>illustrant,</span> <span class='ocrx_word' id='word_1_186' title='bbox 352 2704 377 2753; x_wconf 85' lang='lat' dir='ltr'><strong>R</strong></span> <span class='ocrx_word' id='word_1_187' title='bbox 388 2706 401 2751; x_wconf 86' lang='lat'>¹.</span> <span class='ocrx_word' id='word_1_188' title='bbox 421 2701 580 2762; x_wconf 64' lang='lat' dir='ltr'>illustrantia</span> <span class='ocrx_word' id='word_1_189' title='bbox 593 2704 625 2752; x_wconf 87' lang='lat' dir='ltr'>X.</span> <span class='ocrx_word' id='word_1_190' title='bbox 633 2743 663 2750; x_wconf 80' lang='grc'>-</span> <span class='ocrx_word' id='word_1_191' title='bbox 675 2719 728 2763; x_wconf 82' lang='lat' dir='ltr'>eos,</span> <span class='ocrx_word' id='word_1_192' title='bbox 739 2701 807 2752; x_wconf 88' lang='lat' dir='ltr'>Pd¹.</span> <span class='ocrx_word' id='word_1_193' title='bbox 816 2743 846 2750; x_wconf 79' lang='grc'>-</span> <span class='ocrx_word' id='word_1_194' title='bbox 856 2716 970 2766; x_wconf 80' lang='lat' dir='ltr'>superne,</span> <span class='ocrx_word' id='word_1_195' title='bbox 982 2703 1011 2751; x_wconf 93' lang='lat' dir='ltr'>P.</span> <span class='ocrx_word' id='word_1_196' title='bbox 1030 2703 1090 2753; x_wconf 87' lang='lat' dir='ltr'>Vid.</span> <span class='ocrx_word' id='word_1_197' title='bbox 1103 2702 1118 2763; x_wconf 68' lang='grc' dir='ltr'><strong>ξ</strong></span> <span class='ocrx_word' id='word_1_198' title='bbox 1131 2709 1243 2754; x_wconf 77' lang='grc'><strong>36-89.</strong></span> <span class='ocrx_word' id='word_1_199' title='bbox 1256 2745 1287 2753; x_wconf 80' lang='grc'><strong>-</strong></span> 
     </span>
     <span class='ocr_line' id='line_1_24' title="bbox 167 2767 1287 2835; baseline 0.001 -15"><span class='ocrx_word' id='word_1_200' title='bbox 167 2770 358 2835; x_wconf 74' lang='lat' dir='ltr'>perstrinqente,</span> <span class='ocrx_word' id='word_1_201' title='bbox 378 2783 401 2819; x_wconf 87' lang='grc' dir='ltr'><strong>σ.</strong></span> <span class='ocrx_word' id='word_1_202' title='bbox 421 2810 451 2818; x_wconf 88' lang='grc'>..</span> <span class='ocrx_word' id='word_1_203' title='bbox 470 2768 532 2834; x_wconf 63' lang='lat' dir='ltr'>ipsi,</span> <span class='ocrx_word' id='word_1_204' title='bbox 548 2787 567 2818; x_wconf 93' lang='lat' dir='ltr'>r.</span> <span class='ocrx_word' id='word_1_205' title='bbox 587 2810 617 2818; x_wconf 91' lang='grc'>..</span> <span class='ocrx_word' id='word_1_206' title='bbox 642 2767 728 2828; x_wconf 86' lang='lat' dir='ltr'>lunae,</span> <span class='ocrx_word' id='word_1_207' title='bbox 745 2771 792 2819; x_wconf 88' lang='lat' dir='ltr'>Pr.</span> <span class='ocrx_word' id='word_1_208' title='bbox 813 2810 843 2817; x_wconf 90' lang='lat'>..</span> <span class='ocrx_word' id='word_1_209' title='bbox 867 2777 921 2830; x_wconf 87' lang='lat' dir='ltr'>aut,</span> <span class='ocrx_word' id='word_1_210' title='bbox 939 2769 986 2820; x_wconf 55' lang='grc' dir='ltr'><strong>ΕΙ.</strong></span> <span class='ocrx_word' id='word_1_211' title='bbox 1007 2810 1038 2818; x_wconf 81' lang='grc'>-</span> <span class='ocrx_word' id='word_1_212' title='bbox 1056 2769 1116 2831; x_wconf 85' lang='lat' dir='ltr'>soli,</span> <span class='ocrx_word' id='word_1_213' title='bbox 1137 2772 1169 2821; x_wconf 90' lang='lat' dir='ltr'>P.</span> <span class='ocrx_word' id='word_1_214' title='bbox 1189 2812 1221 2820; x_wconf 86' lang='lat'>..</span> <span class='ocrx_word' id='word_1_215' title='bbox 1240 2769 1287 2821; x_wconf 86' lang='lat' dir='ltr'>du·</span> 
     </span>
     <span class='ocr_line' id='line_1_25' title="bbox 170 2835 1285 2903; baseline -0.003 -16"><span class='ocrx_word' id='word_1_216' title='bbox 170 2841 223 2899; x_wconf 89' lang='lat' dir='ltr'>bia,</span> <span class='ocrx_word' id='word_1_217' title='bbox 245 2839 311 2887; x_wconf 87' lang='lat' dir='ltr'>Par.</span> <span class='ocrx_word' id='word_1_218' title='bbox 334 2879 365 2887; x_wconf 83' lang='grc'><strong>-</strong></span> <span class='ocrx_word' id='word_1_219' title='bbox 390 2835 562 2903; x_wconf 75' lang='lat' dir='ltr'>differentior,</span> <span class='ocrx_word' id='word_1_220' title='bbox 583 2838 653 2886; x_wconf 81' lang='lat' dir='ltr'>R2d.</span> <span class='ocrx_word' id='word_1_221' title='bbox 681 2835 839 2902; x_wconf 77' lang='lat' dir='ltr'>differentia,</span> <span class='ocrx_word' id='word_1_222' title='bbox 861 2836 969 2890; x_wconf 84' lang='lat' dir='ltr'>R¹Par.</span> <span class='ocrx_word' id='word_1_223' title='bbox 992 2877 1024 2885; x_wconf 82' lang='grc'>-</span> <span class='ocrx_word' id='word_1_224' title='bbox 1046 2838 1166 2898; x_wconf 77' lang='lat' dir='ltr'>sentitur,</span> <span class='ocrx_word' id='word_1_225' title='bbox 1184 2839 1232 2888; x_wconf 88' lang='lat' dir='ltr'>Pr.</span> <span class='ocrx_word' id='word_1_226' title='bbox 1254 2880 1285 2888; x_wconf 82' lang='grc'>,,</span> 
     </span>
     <span class='ocr_line' id='line_1_26' title="bbox 169 2898 1284 2967; baseline -0.002 -10"><span class='ocrx_word' id='word_1_227' title='bbox 169 2902 291 2967; x_wconf 78' lang='lat' dir='ltr'>iebalate,</span> <span class='ocrx_word' id='word_1_228' title='bbox 308 2905 356 2956; x_wconf 66' lang='lat'>3¹.</span> <span class='ocrx_word' id='word_1_229' title='bbox 377 2947 409 2954; x_wconf 88' lang='lat'>-</span> <span class='ocrx_word' id='word_1_230' title='bbox 430 2906 586 2966; x_wconf 70' lang='lat' dir='ltr'>nataralia.</span> <span class='ocrx_word' id='word_1_231' title='bbox 613 2912 713 2964; x_wconf 82' lang='lat' dir='ltr'>ceteros,</span> <span class='ocrx_word' id='word_1_232' title='bbox 731 2905 810 2961; x_wconf 83' lang='lat' dir='ltr'>TPd.</span> <span class='ocrx_word' id='word_1_233' title='bbox 837 2912 943 2964; x_wconf 85' lang='lat' dir='ltr'>caetero,</span> <span class='ocrx_word' id='word_1_234' title='bbox 960 2898 989 2964; x_wconf 78' lang='grc' dir='ltr'><strong>β.</strong></span> <span class='ocrx_word' id='word_1_235' title='bbox 1011 2905 1071 2954; x_wconf 86' lang='lat' dir='ltr'>Vid.</span> <span class='ocrx_word' id='word_1_236' title='bbox 1090 2907 1123 2956; x_wconf 86' lang='lat' dir='ltr'>ad</span> <span class='ocrx_word' id='word_1_237' title='bbox 1139 2912 1181 2965; x_wconf 81' lang='lat'>33,</span> <span class='ocrx_word' id='word_1_238' title='bbox 1197 2912 1238 2956; x_wconf 83' lang='grc'><strong>68.</strong></span> <span class='ocrx_word' id='word_1_239' title='bbox 1254 2947 1284 2955; x_wconf 84' lang='grc'><strong>-</strong></span> 
     </span>
     <span class='ocr_line' id='line_1_27' title="bbox 169 2966 1284 3038; baseline 0.001 -17"><span class='ocrx_word' id='word_1_240' title='bbox 169 2972 285 3038; x_wconf 70' lang='lat' dir='ltr'>irqiexua</span> <span class='ocrx_word' id='word_1_241' title='bbox 297 2974 326 3023; x_wconf 93' lang='lat' dir='ltr'>P.</span> <span class='ocrx_word' id='word_1_242' title='bbox 340 3015 372 3023; x_wconf 83' lang='grc'><strong>-</strong></span> <span class='ocrx_word' id='word_1_243' title='bbox 385 2980 521 3037; x_wconf 84' lang='lat' dir='ltr'>conpetant,</span> <span class='ocrx_word' id='word_1_244' title='bbox 533 2973 564 3022; x_wconf 85' lang='lat' dir='ltr'>R.</span> <span class='ocrx_word' id='word_1_245' title='bbox 582 2979 721 3036; x_wconf 86' lang='lat' dir='ltr'>competant,</span> <span class='ocrx_word' id='word_1_246' title='bbox 732 2973 783 3021; x_wconf 89' lang='lat' dir='ltr'>Td.</span> <span class='ocrx_word' id='word_1_247' title='bbox 802 2979 941 3035; x_wconf 61' lang='lat' dir='ltr'>autumant,</span> <span class='ocrx_word' id='word_1_248' title='bbox 952 2966 1048 3034; x_wconf 70' lang='lat' dir='ltr'>Passr.</span> <span class='ocrx_word' id='word_1_249' title='bbox 1071 2973 1116 3022; x_wconf 87' lang='lat' dir='ltr'>Uti</span> <span class='ocrx_word' id='word_1_250' title='bbox 1127 2975 1160 3022; x_wconf 88' lang='lat' dir='ltr'>ad</span> <span class='ocrx_word' id='word_1_251' title='bbox 1172 2980 1213 3034; x_wconf 80' lang='lat'>3³,</span> <span class='ocrx_word' id='word_1_252' title='bbox 1229 2979 1284 3024; x_wconf 75' lang='lat'>168.</span> 
     </span>
     <span class='ocr_line' id='line_1_28' title="bbox 169 3039 1284 3103; baseline 0 -12"><span class='ocrx_word' id='word_1_253' title='bbox 169 3042 245 3091; x_wconf 87' lang='lat' dir='ltr'>docui</span> <span class='ocrx_word' id='word_1_254' title='bbox 259 3042 373 3091; x_wconf 91' lang='lat' dir='ltr'>Plinium</span> <span class='ocrx_word' id='word_1_255' title='bbox 389 3043 506 3091; x_wconf 88' lang='lat' dir='ltr'>liberiore</span> <span class='ocrx_word' id='word_1_256' title='bbox 522 3055 570 3089; x_wconf 88' lang='lat' dir='ltr'>usu</span> <span class='ocrx_word' id='word_1_257' title='bbox 582 3039 770 3088; x_wconf 88' lang='lat' dir='ltr'>coniunctivum</span> <span class='ocrx_word' id='word_1_258' title='bbox 782 3040 858 3088; x_wconf 87' lang='lat' dir='ltr'>etiam</span> <span class='ocrx_word' id='word_1_259' title='bbox 869 3039 897 3086; x_wconf 92' lang='lat' dir='ltr'>in</span> <span class='ocrx_word' id='word_1_260' title='bbox 909 3039 1023 3087; x_wconf 86' lang='lat' dir='ltr'>oratione</span> <span class='ocrx_word' id='word_1_261' title='bbox 1034 3047 1104 3089; x_wconf 85' lang='lat' dir='ltr'>recta</span> <span class='ocrx_word' id='word_1_262' title='bbox 1114 3048 1175 3103; x_wconf 85' lang='lat' dir='ltr'>post</span> <span class='ocrx_word' id='word_1_263' title='bbox 1188 3055 1284 3103; x_wconf 89' lang='lat' dir='ltr'>prouo-</span> 
     </span>
     <span class='ocr_line' id='line_1_29' title="bbox 168 3106 1283 3172; baseline 0 -15"><span class='ocrx_word' id='word_1_264' title='bbox 168 3123 228 3158; x_wconf 91' lang='lat' dir='ltr'>men</span> <span class='ocrx_word' id='word_1_265' title='bbox 239 3110 372 3159; x_wconf 88' lang='lat' dir='ltr'>relativum</span> <span class='ocrx_word' id='word_1_266' title='bbox 383 3124 485 3172; x_wconf 89' lang='lat' dir='ltr'>ponere,</span> <span class='ocrx_word' id='word_1_267' title='bbox 497 3109 533 3157; x_wconf 86' lang='lat' dir='ltr'>ita</span> <span class='ocrx_word' id='word_1_268' title='bbox 544 3108 586 3157; x_wconf 87' lang='lat' dir='ltr'>alii</span> <span class='ocrx_word' id='word_1_269' title='bbox 596 3108 648 3159; x_wconf 91' lang='lat' dir='ltr'>loci</span> <span class='ocrx_word' id='word_1_270' title='bbox 659 3109 831 3156; x_wconf 85' lang='lat' dir='ltr'>demonstrant</span> <span class='ocrx_word' id='word_1_271' title='bbox 842 3106 916 3154; x_wconf 90' lang='lat' dir='ltr'>illum</span> <span class='ocrx_word' id='word_1_272' title='bbox 924 3121 998 3154; x_wconf 87' lang='lat' dir='ltr'>usum</span> <span class='ocrx_word' id='word_1_273' title='bbox 1009 3107 1087 3156; x_wconf 82' lang='lat' dir='ltr'>etiam</span> <span class='ocrx_word' id='word_1_274' title='bbox 1097 3108 1125 3156; x_wconf 93' lang='lat' dir='ltr'>in</span> <span class='ocrx_word' id='word_1_275' title='bbox 1136 3109 1283 3158; x_wconf 85' lang='lat' dir='ltr'>adverbium</span> 
     </span>
     <span class='ocr_line' id='line_1_30' title="bbox 168 3170 1282 3237; baseline 0.001 -14"><span class='ocrx_word' id='word_1_276' title='bbox 168 3176 301 3225; x_wconf 86' lang='lat' dir='ltr'>relativum</span> <span class='ocrx_word' id='word_1_277' title='bbox 312 3177 355 3226; x_wconf 87' lang='lat' dir='ltr'>ubi</span> <span class='ocrx_word' id='word_1_278' title='bbox 365 3177 479 3237; x_wconf 83' lang='lat' dir='ltr'>extendi3</span> <span class='ocrx_word' id='word_1_279' title='bbox 491 3177 540 3225; x_wconf 87' lang='lat' dir='ltr'>vid.</span> <span class='ocrx_word' id='word_1_280' title='bbox 555 3181 594 3236; x_wconf 77' lang='lat'>12,</span> <span class='ocrx_word' id='word_1_281' title='bbox 608 3181 647 3224; x_wconf 84' lang='lat'>58.</span> <span class='ocrx_word' id='word_1_282' title='bbox 660 3180 701 3234; x_wconf 82' lang='lat'>20,</span> <span class='ocrx_word' id='word_1_283' title='bbox 714 3180 771 3223; x_wconf 78' lang='lat'>202.</span> <span class='ocrx_word' id='word_1_284' title='bbox 788 3214 820 3222; x_wconf 79' lang='grc'>-</span> <span class='ocrx_word' id='word_1_285' title='bbox 838 3170 953 3234; x_wconf 85' lang='lat' dir='ltr'>dimidia,</span> <span class='ocrx_word' id='word_1_286' title='bbox 964 3174 994 3222; x_wconf 94' lang='grc' dir='ltr'><strong>Ρ.</strong></span> <span class='ocrx_word' id='word_1_287' title='bbox 1007 3214 1039 3221; x_wconf 87' lang='grc'>-</span> <span class='ocrx_word' id='word_1_288' title='bbox 1058 3174 1195 3236; x_wconf 85' lang='lat' dir='ltr'>triquatro‚</span> <span class='ocrx_word' id='word_1_289' title='bbox 1206 3176 1237 3226; x_wconf 89' lang='lat' dir='ltr'>P.</span> <span class='ocrx_word' id='word_1_290' title='bbox 1250 3214 1282 3224; x_wconf 92' lang='grc'><strong>..</strong></span> 
     </span>
     <span class='ocr_line' id='line_1_31' title="bbox 168 3239 1282 3303; baseline 0.004 -15"><span class='ocrx_word' id='word_1_291' title='bbox 168 3241 300 3300; x_wconf 82' lang='lat' dir='ltr'>seminani,</span> <span class='ocrx_word' id='word_1_292' title='bbox 312 3244 349 3290; x_wconf 89' lang='lat' dir='ltr'>ad</span> <span class='ocrx_word' id='word_1_293' title='bbox 359 3240 446 3303; x_wconf 90' lang='lat' dir='ltr'>(codd.</span> <span class='ocrx_word' id='word_1_294' title='bbox 459 3239 579 3302; x_wconf 82' lang='lat' dir='ltr'>Gelenii.)</span> <span class='ocrx_word' id='word_1_295' title='bbox 597 3239 734 3302; x_wconf 79' lang='lat' dir='ltr'>seminarii,</span> <span class='ocrx_word' id='word_1_296' title='bbox 745 3243 777 3291; x_wconf 88' lang='lat' dir='ltr'>R.</span> <span class='ocrx_word' id='word_1_297' title='bbox 795 3239 856 3290; x_wconf 84' lang='lat' dir='ltr'>remi</span> <span class='ocrx_word' id='word_1_298' title='bbox 866 3255 931 3300; x_wconf 86' lang='lat' dir='ltr'>nam,</span> <span class='ocrx_word' id='word_1_299' title='bbox 943 3240 973 3289; x_wconf 92' lang='lat' dir='ltr'>P.</span> <span class='ocrx_word' id='word_1_300' title='bbox 987 3281 1018 3288; x_wconf 92' lang='lat'>..</span> <span class='ocrx_word' id='word_1_301' title='bbox 1036 3240 1149 3303; x_wconf 69' lang='lat' dir='ltr'>orabitur,</span> <span class='ocrx_word' id='word_1_302' title='bbox 1161 3243 1282 3293; x_wconf 80' lang='lat' dir='ltr'>B&#39;l&#39;Pad</span> 
     </span>
     <span class='ocr_line' id='line_1_32' title="bbox 168 3304 1281 3373; baseline 0.004 -19"><span class='ocrx_word' id='word_1_303' title='bbox 168 3305 254 3367; x_wconf 89' lang='lat' dir='ltr'>(codd.</span> <span class='ocrx_word' id='word_1_304' title='bbox 273 3304 393 3369; x_wconf 85' lang='lat' dir='ltr'>Gelenii.)</span> <span class='ocrx_word' id='word_1_305' title='bbox 411 3307 509 3368; x_wconf 85' lang='lat' dir='ltr'>ambitu,</span> <span class='ocrx_word' id='word_1_306' title='bbox 521 3304 550 3367; x_wconf 78' lang='grc' dir='ltr'><strong>β.</strong></span> <span class='ocrx_word' id='word_1_307' title='bbox 566 3347 598 3355; x_wconf 89' lang='grc'><strong>..</strong></span> <span class='ocrx_word' id='word_1_308' title='bbox 617 3307 678 3369; x_wconf 88' lang='lat' dir='ltr'>orbi,</span> <span class='ocrx_word' id='word_1_309' title='bbox 695 3310 768 3357; x_wconf 88' lang='lat' dir='ltr'>codd.</span> <span class='ocrx_word' id='word_1_310' title='bbox 782 3307 888 3358; x_wconf 87' lang='lat' dir='ltr'>Gelenii.</span> <span class='ocrx_word' id='word_1_311' title='bbox 901 3309 988 3368; x_wconf 73' lang='lat' dir='ltr'>alem,</span> <span class='ocrx_word' id='word_1_312' title='bbox 1000 3308 1049 3357; x_wconf 85' lang='lat' dir='ltr'>R².</span> <span class='ocrx_word' id='word_1_313' title='bbox 1067 3349 1099 3356; x_wconf 87' lang='lat'>-</span> <span class='ocrx_word' id='word_1_314' title='bbox 1118 3324 1207 3359; x_wconf 76' lang='lat' dir='ltr'>rursus</span> <span class='ocrx_word' id='word_1_315' title='bbox 1225 3326 1281 3373; x_wconf 82' lang='lat' dir='ltr'>quo-</span> 
     </span>
     <span class='ocr_line' id='line_1_33' title="bbox 168 3372 1278 3438; baseline 0.006 -18"><span class='ocrx_word' id='word_1_316' title='bbox 168 3388 222 3436; x_wconf 82' lang='lat' dir='ltr'>que,</span> <span class='ocrx_word' id='word_1_317' title='bbox 233 3374 262 3422; x_wconf 94' lang='lat' dir='ltr'>P.</span> <span class='ocrx_word' id='word_1_318' title='bbox 285 3389 383 3434; x_wconf 76' lang='lat' dir='ltr'>rursus,</span> <span class='ocrx_word' id='word_1_319' title='bbox 394 3375 425 3423; x_wconf 89' lang='lat' dir='ltr'>T.</span> <span class='ocrx_word' id='word_1_320' title='bbox 449 3414 481 3422; x_wconf 83' lang='grc'>-</span> <span class='ocrx_word' id='word_1_321' title='bbox 503 3388 603 3434; x_wconf 80' lang='lat' dir='ltr'>easque,</span> <span class='ocrx_word' id='word_1_322' title='bbox 622 3373 670 3424; x_wconf 89' lang='lat' dir='ltr'>R¹.</span> <span class='ocrx_word' id='word_1_323' title='bbox 694 3414 725 3422; x_wconf 92' lang='lat'>..</span> <span class='ocrx_word' id='word_1_324' title='bbox 748 3374 898 3438; x_wconf 65' lang='lat' dir='ltr'>qffifinaR.</span> <span class='ocrx_word' id='word_1_325' title='bbox 917 3413 949 3422; x_wconf 89' lang='grc'><strong>.-</strong></span> <span class='ocrx_word' id='word_1_326' title='bbox 972 3372 1025 3424; x_wconf 85' lang='lat' dir='ltr'>edit</span> <span class='ocrx_word' id='word_1_327' title='bbox 1037 3373 1231 3437; x_wconf 60' lang='lat' dir='ltr'>internodium</span> <span class='ocrx_word' id='word_1_328' title='bbox 1247 3415 1278 3427; x_wconf 81' lang='grc'><strong>.-</strong></span> 
     </span>
     <span class='ocr_line' id='line_1_34' title="bbox 167 3438 514 3504; baseline 0 -16"><span class='ocrx_word' id='word_1_329' title='bbox 167 3457 221 3504; x_wconf 80' lang='lat' dir='ltr'>sup,</span> <span class='ocrx_word' id='word_1_330' title='bbox 232 3440 332 3491; x_wconf 83' lang='lat' dir='ltr'>RPad.</span> <span class='ocrx_word' id='word_1_331' title='bbox 346 3480 378 3487; x_wconf 88' lang='lat'>-</span> <span class='ocrx_word' id='word_1_332' title='bbox 396 3439 454 3500; x_wconf 77' lang='lat' dir='ltr'>sole,</span> <span class='ocrx_word' id='word_1_333' title='bbox 466 3438 514 3490; x_wconf 71' lang='lat'>3¹.</span> 
     </span>
    </p>

    <p class='ocr_par' dir='ltr' id='par_1_6' title="bbox 164 3503 1279 3894">
     <span class='ocr_line' id='line_1_35' title="bbox 201 3503 1278 3574; baseline 0.003 -17"><span class='ocrx_word' id='word_1_334' title='bbox 201 3507 215 3568; x_wconf 68' lang='grc' dir='ltr'><strong>ξ</strong></span> <span class='ocrx_word' id='word_1_335' title='bbox 229 3513 269 3557; x_wconf 86' lang='grc'><strong>81.</strong></span> <span class='ocrx_word' id='word_1_336' title='bbox 282 3515 398 3570; x_wconf 84' lang='lat' dir='ltr'>aequata,</span> <span class='ocrx_word' id='word_1_337' title='bbox 410 3508 479 3557; x_wconf 75' lang='lat' dir='ltr'>R2d.</span> <span class='ocrx_word' id='word_1_338' title='bbox 498 3522 583 3569; x_wconf 87' lang='lat' dir='ltr'>aequa,</span> <span class='ocrx_word' id='word_1_339' title='bbox 595 3503 667 3556; x_wconf 82' lang='lat' dir='ltr'>R¹P.</span> <span class='ocrx_word' id='word_1_340' title='bbox 686 3519 756 3569; x_wconf 79' lang='lat' dir='ltr'>equa,</span> <span class='ocrx_word' id='word_1_341' title='bbox 768 3523 790 3557; x_wconf 90' lang='lat' dir='ltr'>a.</span> <span class='ocrx_word' id='word_1_342' title='bbox 804 3549 836 3556; x_wconf 87' lang='lat'>-</span> <span class='ocrx_word' id='word_1_343' title='bbox 849 3522 933 3570; x_wconf 83' lang='lat' dir='ltr'>uerno,</span> <span class='ocrx_word' id='word_1_344' title='bbox 942 3507 1046 3558; x_wconf 79' lang='lat' dir='ltr'>R&#39;l&#39;da.</span> <span class='ocrx_word' id='word_1_345' title='bbox 1065 3524 1129 3570; x_wconf 84' lang='lat' dir='ltr'>uere,</span> <span class='ocrx_word' id='word_1_346' title='bbox 1141 3505 1278 3574; x_wconf 69' lang='lat' dir='ltr'>Passr...</span> 
     </span>
     <span class='ocr_line' id='line_1_36' title="bbox 167 3568 1279 3638; baseline 0.004 -15"><span class='ocrx_word' id='word_1_347' title='bbox 167 3585 196 3638; x_wconf 89' lang='lat' dir='ltr'>et,</span> <span class='ocrx_word' id='word_1_348' title='bbox 210 3591 260 3625; x_wconf 93' lang='lat' dir='ltr'>om.</span> <span class='ocrx_word' id='word_1_349' title='bbox 272 3576 301 3625; x_wconf 94' lang='lat' dir='ltr'>P.</span> <span class='ocrx_word' id='word_1_350' title='bbox 321 3615 353 3622; x_wconf 88' lang='lat'>-</span> <span class='ocrx_word' id='word_1_351' title='bbox 371 3571 406 3634; x_wconf 86' lang='lat' dir='ltr'>in,</span> <span class='ocrx_word' id='word_1_352' title='bbox 418 3573 545 3623; x_wconf 77' lang='lat' dir='ltr'>RTPaa</span> <span class='ocrx_word' id='word_1_353' title='bbox 563 3571 631 3633; x_wconf 81' lang='lat' dir='ltr'>etin,</span> <span class='ocrx_word' id='word_1_354' title='bbox 642 3568 693 3637; x_wconf 76' lang='grc' dir='ltr'>βγ.</span> <span class='ocrx_word' id='word_1_355' title='bbox 713 3613 744 3621; x_wconf 85' lang='grc'><strong>-</strong></span> <span class='ocrx_word' id='word_1_356' title='bbox 762 3581 861 3635; x_wconf 86' lang='lat' dir='ltr'>certum,</span> <span class='ocrx_word' id='word_1_357' title='bbox 874 3587 898 3624; x_wconf 87' lang='grc' dir='ltr'><strong>σ.</strong></span> <span class='ocrx_word' id='word_1_358' title='bbox 917 3615 949 3624; x_wconf 81' lang='lat'><em>-</em></span> <span class='ocrx_word' id='word_1_359' title='bbox 967 3572 1088 3636; x_wconf 78' lang='lat' dir='ltr'>incedens,</span> <span class='ocrx_word' id='word_1_360' title='bbox 1100 3576 1131 3625; x_wconf 88' lang='grc' dir='ltr'>Τ.</span> <span class='ocrx_word' id='word_1_361' title='bbox 1151 3617 1183 3626; x_wconf 79' lang='grc'>-</span> <span class='ocrx_word' id='word_1_362' title='bbox 1205 3584 1279 3627; x_wconf 88' lang='lat' dir='ltr'>autu·</span> 
     </span>
     <span class='ocr_line' id='line_1_37' title="bbox 166 3639 1278 3708; baseline 0.003 -16"><span class='ocrx_word' id='word_1_363' title='bbox 166 3645 222 3703; x_wconf 88' lang='lat' dir='ltr'>mni,</span> <span class='ocrx_word' id='word_1_364' title='bbox 238 3644 268 3693; x_wconf 90' lang='lat' dir='ltr'>P.</span> <span class='ocrx_word' id='word_1_365' title='bbox 291 3682 322 3691; x_wconf 85' lang='grc'>-</span> <span class='ocrx_word' id='word_1_366' title='bbox 348 3639 508 3705; x_wconf 81' lang='lat' dir='ltr'>capricornio,</span> <span class='ocrx_word' id='word_1_367' title='bbox 524 3641 555 3691; x_wconf 87' lang='lat' dir='ltr'>R.</span> <span class='ocrx_word' id='word_1_368' title='bbox 578 3639 740 3703; x_wconf 86' lang='lat' dir='ltr'>capricornii,</span> <span class='ocrx_word' id='word_1_369' title='bbox 755 3641 785 3690; x_wconf 91' lang='lat' dir='ltr'>P.</span> <span class='ocrx_word' id='word_1_370' title='bbox 809 3682 841 3690; x_wconf 86' lang='grc'><strong>-.</strong></span> <span class='ocrx_word' id='word_1_371' title='bbox 867 3639 988 3702; x_wconf 71' lang='lat' dir='ltr'>robaria,</span> <span class='ocrx_word' id='word_1_372' title='bbox 1005 3641 1054 3693; x_wconf 68' lang='lat'>12¹.</span> <span class='ocrx_word' id='word_1_373' title='bbox 1076 3682 1109 3691; x_wconf 92' lang='lat'>..</span> <span class='ocrx_word' id='word_1_374' title='bbox 1135 3641 1278 3708; x_wconf 70' lang='lat' dir='ltr'>obliquitas,</span> 
     </span>
     <span class='ocr_line' id='line_1_38' title="bbox 165 3702 1277 3772; baseline 0.001 -13"><span class='ocrx_word' id='word_1_375' title='bbox 165 3711 190 3759; x_wconf 86' lang='lat' dir='ltr'><strong>R</strong></span> <span class='ocrx_word' id='word_1_376' title='bbox 200 3702 266 3759; x_wconf 73' lang='lat' dir='ltr'>Odr.</span> <span class='ocrx_word' id='word_1_377' title='bbox 285 3707 432 3772; x_wconf 78' lang='lat' dir='ltr'>obliquitate,</span> <span class='ocrx_word' id='word_1_378' title='bbox 443 3708 494 3756; x_wconf 91' lang='lat' dir='ltr'>Pa.</span> <span class='ocrx_word' id='word_1_379' title='bbox 513 3706 643 3770; x_wconf 79' lang='lat' dir='ltr'>obliquitas</span> <span class='ocrx_word' id='word_1_380' title='bbox 656 3715 698 3768; x_wconf 86' lang='lat' dir='ltr'>est,</span> <span class='ocrx_word' id='word_1_381' title='bbox 710 3703 761 3771; x_wconf 76' lang='grc' dir='ltr'>βγ.</span> <span class='ocrx_word' id='word_1_382' title='bbox 782 3709 843 3758; x_wconf 88' lang='lat' dir='ltr'>Vid.</span> <span class='ocrx_word' id='word_1_383' title='bbox 856 3711 888 3758; x_wconf 83' lang='lat' dir='ltr'>ad</span> <span class='ocrx_word' id='word_1_384' title='bbox 900 3711 941 3770; x_wconf 82' lang='lat'>37,</span> <span class='ocrx_word' id='word_1_385' title='bbox 955 3713 995 3759; x_wconf 85' lang='lat'>70.</span> <span class='ocrx_word' id='word_1_386' title='bbox 1014 3749 1046 3756; x_wconf 87' lang='lat'>-</span> <span class='ocrx_word' id='word_1_387' title='bbox 1059 3717 1115 3770; x_wconf 81' lang='lat' dir='ltr'>atat,</span> <span class='ocrx_word' id='word_1_388' title='bbox 1127 3712 1159 3761; x_wconf 82' lang='lat' dir='ltr'>R.</span> <span class='ocrx_word' id='word_1_389' title='bbox 1178 3752 1210 3761; x_wconf 78' lang='grc'>-</span> <span class='ocrx_word' id='word_1_390' title='bbox 1229 3709 1277 3760; x_wconf 82' lang='lat' dir='ltr'>lon·</span> 
     </span>
     <span class='ocr_line' id='line_1_39' title="bbox 164 3772 1277 3891; baseline 0.003 -66"><span class='ocrx_word' id='word_1_391' title='bbox 164 3777 257 3891; x_wconf 63' lang='lat' dir='ltr'>qiqrem</span> <span class='ocrx_word' id='word_1_392' title='bbox 273 3785 380 3835; x_wconf 70' lang='lat' dir='ltr'>uacum,</span> <span class='ocrx_word' id='word_1_393' title='bbox 393 3791 415 3824; x_wconf 85' lang='lat' dir='ltr'>a</span> <span class='ocrx_word' id='word_1_394' title='bbox 435 3816 466 3824; x_wconf 85' lang='lat'>..</span> <span class='ocrx_word' id='word_1_395' title='bbox 486 3772 619 3838; x_wconf 86' lang='lat' dir='ltr'>lucemque,</span> <span class='ocrx_word' id='word_1_396' title='bbox 634 3775 664 3826; x_wconf 87' lang='lat' dir='ltr'>P.</span> <span class='ocrx_word' id='word_1_397' title='bbox 683 3791 745 3838; x_wconf 87' lang='lat' dir='ltr'>quae</span> <span class='ocrx_word' id='word_1_398' title='bbox 756 3791 808 3825; x_wconf 93' lang='lat' dir='ltr'>non</span> <span class='ocrx_word' id='word_1_399' title='bbox 820 3777 925 3826; x_wconf 85' lang='lat' dir='ltr'>habeta</span> <span class='ocrx_word' id='word_1_400' title='bbox 940 3791 1047 3827; x_wconf 89' lang='lat' dir='ltr'>amanu</span> <span class='ocrx_word' id='word_1_401' title='bbox 1062 3777 1153 3840; x_wconf 86' lang='lat' dir='ltr'>prima.</span> <span class='ocrx_word' id='word_1_402' title='bbox 1171 3818 1204 3829; x_wconf 93' lang='lat'>..</span> <span class='ocrx_word' id='word_1_403' title='bbox 1222 3794 1277 3828; x_wconf 84' lang='lat' dir='ltr'>uero</span> 
     </span>
     <span class='ocr_line' id='line_1_40' title="bbox 165 3843 369 3894; baseline -0.01 -1"><span class='ocrx_word' id='word_1_404' title='bbox 165 3847 194 3894; x_wconf 90' lang='lat' dir='ltr'>ob</span> <span class='ocrx_word' id='word_1_405' title='bbox 206 3843 216 3893; x_wconf 91' lang='lat' dir='ltr'>i</span> <span class='ocrx_word' id='word_1_406' title='bbox 233 3861 267 3893; x_wconf 88' lang='lat' dir='ltr'>ua</span> <span class='ocrx_word' id='word_1_407' title='bbox 287 3859 330 3892; x_wconf 94' lang='lat' dir='ltr'>om</span> <span class='ocrx_word' id='word_1_408' title='bbox 340 3844 369 3892; x_wconf 92' lang='lat' dir='ltr'>P.</span> 
     </span>
    </p>

    <p class='ocr_par' dir='ltr' id='par_1_7' title="bbox 138 3861 1277 4312">
     <span class='ocr_line' id='line_1_41' title="bbox 138 3861 1277 3976; baseline -0.003 -14"><span class='ocrx_word' id='word_1_409' title='bbox 138 3925 146 3932; x_wconf 90' lang='lat'><em>·</em></span> <span class='ocrx_word' id='word_1_410' title='bbox 199 3861 274 3971; x_wconf 45' lang='grc' dir='ltr'>ἔφη,</span> <span class='ocrx_word' id='word_1_411' title='bbox 284 3910 368 3970; x_wconf 85' lang='lat' dir='ltr'>Latet,</span> <span class='ocrx_word' id='word_1_412' title='bbox 386 3909 479 3961; x_wconf 82' lang='lat' dir='ltr'>Sabell.</span> <span class='ocrx_word' id='word_1_413' title='bbox 497 3909 596 3961; x_wconf 86' lang='lat' dir='ltr'>RPad.</span> <span class='ocrx_word' id='word_1_414' title='bbox 614 3907 691 3970; x_wconf 85' lang='lat' dir='ltr'>Patet,</span> <span class='ocrx_word' id='word_1_415' title='bbox 708 3923 732 3957; x_wconf 87' lang='grc' dir='ltr'><strong>σ.</strong></span> <span class='ocrx_word' id='word_1_416' title='bbox 752 3950 784 3957; x_wconf 82' lang='grc'>-</span> <span class='ocrx_word' id='word_1_417' title='bbox 802 3924 902 3974; x_wconf 79' lang='lat' dir='ltr'>maqua,</span> <span class='ocrx_word' id='word_1_418' title='bbox 923 3910 1016 3960; x_wconf 84' lang='lat' dir='ltr'>R²ad.</span> <span class='ocrx_word' id='word_1_419' title='bbox 1047 3926 1142 3976; x_wconf 73' lang='lat' dir='ltr'>maqno,</span> <span class='ocrx_word' id='word_1_420' title='bbox 1159 3911 1209 3962; x_wconf 81' lang='lat' dir='ltr'>R¹.</span> <span class='ocrx_word' id='word_1_421' title='bbox 1234 3907 1277 3963; x_wconf 82' lang='lat' dir='ltr'>aad</span> 
     </span>
     <span class='ocr_line' id='line_1_42' title="bbox 164 3976 1274 4043; baseline 0.004 -18"><span class='ocrx_word' id='word_1_422' title='bbox 164 3993 264 4040; x_wconf 76' lang='lat' dir='ltr'>maqno,</span> <span class='ocrx_word' id='word_1_423' title='bbox 284 3980 314 4028; x_wconf 93' lang='lat' dir='ltr'>P.</span> <span class='ocrx_word' id='word_1_424' title='bbox 338 4018 370 4026; x_wconf 82' lang='grc'>-</span> <span class='ocrx_word' id='word_1_425' title='bbox 393 3977 566 4037; x_wconf 78' lang='lat' dir='ltr'>adsectatione,</span> <span class='ocrx_word' id='word_1_426' title='bbox 582 3978 655 4026; x_wconf 85' lang='lat' dir='ltr'>Rad.</span> <span class='ocrx_word' id='word_1_427' title='bbox 682 3976 831 4039; x_wconf 80' lang='lat' dir='ltr'>assertione,</span> <span class='ocrx_word' id='word_1_428' title='bbox 847 3978 877 4026; x_wconf 92' lang='lat' dir='ltr'>P.</span> <span class='ocrx_word' id='word_1_429' title='bbox 905 3977 1042 4043; x_wconf 86' lang='lat' dir='ltr'>affectione,</span> <span class='ocrx_word' id='word_1_430' title='bbox 1059 3991 1084 4028; x_wconf 81' lang='lat' dir='ltr'>a.</span> <span class='ocrx_word' id='word_1_431' title='bbox 1111 3977 1274 4043; x_wconf 72' lang='lat' dir='ltr'>offmtatione,</span> 
     </span>
     <span class='ocr_line' id='line_1_43' title="bbox 164 4042 1273 4110; baseline 0.001 -15"><span class='ocrx_word' id='word_1_432' title='bbox 164 4046 267 4095; x_wconf 82' lang='lat' dir='ltr'>Robert.</span> <span class='ocrx_word' id='word_1_433' title='bbox 287 4042 536 4110; x_wconf 75' lang='lat' dir='ltr'>(ad)specrau0ne,1t</span> <span class='ocrx_word' id='word_1_434' title='bbox 547 4046 580 4093; x_wconf 88' lang='lat' dir='ltr'>ad</span> <span class='ocrx_word' id='word_1_435' title='bbox 591 4058 670 4105; x_wconf 85' lang='lat' dir='ltr'>marg.</span> <span class='ocrx_word' id='word_1_436' title='bbox 688 4085 718 4092; x_wconf 94' lang='lat'>..</span> <span class='ocrx_word' id='word_1_437' title='bbox 738 4061 762 4104; x_wconf 90' lang='lat' dir='ltr'>a,</span> <span class='ocrx_word' id='word_1_438' title='bbox 775 4059 825 4093; x_wconf 93' lang='lat' dir='ltr'>om.</span> <span class='ocrx_word' id='word_1_439' title='bbox 838 4043 886 4095; x_wconf 87' lang='lat' dir='ltr'>R¹.</span> <span class='ocrx_word' id='word_1_440' title='bbox 906 4085 938 4092; x_wconf 88' lang='lat'>-</span> <span class='ocrx_word' id='word_1_441' title='bbox 957 4045 1032 4110; x_wconf 75' lang='lat' dir='ltr'>iquos,</span> <span class='ocrx_word' id='word_1_442' title='bbox 1045 4061 1096 4095; x_wconf 92' lang='lat' dir='ltr'>om.</span> <span class='ocrx_word' id='word_1_443' title='bbox 1108 4047 1138 4096; x_wconf 90' lang='lat' dir='ltr'>P.</span> <span class='ocrx_word' id='word_1_444' title='bbox 1156 4086 1189 4095; x_wconf 89' lang='grc'><strong>..</strong></span> <span class='ocrx_word' id='word_1_445' title='bbox 1208 4062 1273 4110; x_wconf 82' lang='lat' dir='ltr'>quoe,</span> 
     </span>
     <span class='ocr_line' id='line_1_44' title="bbox 164 4109 1272 4179; baseline -0.001 -16"><span class='ocrx_word' id='word_1_446' title='bbox 164 4112 194 4163; x_wconf 91' lang='lat' dir='ltr'>P.</span> <span class='ocrx_word' id='word_1_447' title='bbox 214 4153 245 4161; x_wconf 86' lang='lat'>..</span> <span class='ocrx_word' id='word_1_448' title='bbox 263 4115 357 4174; x_wconf 79' lang='lat' dir='ltr'>labent,</span> <span class='ocrx_word' id='word_1_449' title='bbox 374 4114 406 4162; x_wconf 86' lang='lat' dir='ltr'>R.</span> <span class='ocrx_word' id='word_1_450' title='bbox 425 4154 456 4161; x_wconf 84' lang='grc'><strong>-</strong></span> <span class='ocrx_word' id='word_1_451' title='bbox 480 4127 510 4160; x_wconf 78' lang='lat' dir='ltr'>en</span> <span class='ocrx_word' id='word_1_452' title='bbox 531 4110 578 4172; x_wconf 82' lang='lat' dir='ltr'>iia,</span> <span class='ocrx_word' id='word_1_453' title='bbox 594 4112 720 4162; x_wconf 83' lang='lat' dir='ltr'>R²Pa²d</span> <span class='ocrx_word' id='word_1_454' title='bbox 736 4109 866 4173; x_wconf 86' lang='lat' dir='ltr'>(Robert.)</span> <span class='ocrx_word' id='word_1_455' title='bbox 889 4111 933 4173; x_wconf 81' lang='lat' dir='ltr'>eir,</span> <span class='ocrx_word' id='word_1_456' title='bbox 949 4110 1032 4162; x_wconf 86' lang='lat' dir='ltr'>R¹a¹.</span> <span class='ocrx_word' id='word_1_457' title='bbox 1057 4129 1088 4160; x_wconf 79' lang='lat' dir='ltr'>aa</span> <span class='ocrx_word' id='word_1_458' title='bbox 1110 4112 1153 4174; x_wconf 78' lang='lat' dir='ltr'>iia,</span> <span class='ocrx_word' id='word_1_459' title='bbox 1169 4109 1220 4179; x_wconf 69' lang='grc' dir='ltr'>βγ.</span> <span class='ocrx_word' id='word_1_460' title='bbox 1242 4151 1272 4162; x_wconf 91' lang='lat'>..</span> 
     </span>
     <span class='ocr_line' id='line_1_45' title="bbox 165 4179 1271 4244; baseline 0.003 -18"><span class='ocrx_word' id='word_1_461' title='bbox 165 4179 345 4241; x_wconf 67' lang='lat' dir='ltr'>ntmi‚1z¹.-</span> <span class='ocrx_word' id='word_1_462' title='bbox 364 4189 446 4244; x_wconf 88' lang='lat' dir='ltr'>atque,</span> <span class='ocrx_word' id='word_1_463' title='bbox 470 4194 520 4228; x_wconf 90' lang='lat' dir='ltr'>om.</span> <span class='ocrx_word' id='word_1_464' title='bbox 536 4180 640 4229; x_wconf 84' lang='lat' dir='ltr'>Robert.</span> <span class='ocrx_word' id='word_1_465' title='bbox 660 4219 690 4226; x_wconf 94' lang='grc'><strong>..</strong></span> <span class='ocrx_word' id='word_1_466' title='bbox 710 4179 806 4240; x_wconf 86' lang='lat' dir='ltr'>ardori,</span> <span class='ocrx_word' id='word_1_467' title='bbox 821 4180 853 4228; x_wconf 83' lang='lat' dir='ltr'>R.</span> <span class='ocrx_word' id='word_1_468' title='bbox 878 4219 908 4227; x_wconf 94' lang='grc'>...</span> <span class='ocrx_word' id='word_1_469' title='bbox 931 4196 951 4238; x_wconf 87' lang='lat' dir='ltr'>e,</span> <span class='ocrx_word' id='word_1_470' title='bbox 967 4180 996 4228; x_wconf 92' lang='lat' dir='ltr'>P.</span> <span class='ocrx_word' id='word_1_471' title='bbox 1016 4217 1048 4228; x_wconf 92' lang='grc'>...</span> <span class='ocrx_word' id='word_1_472' title='bbox 1066 4189 1161 4242; x_wconf 85' lang='lat' dir='ltr'>motum,</span> <span class='ocrx_word' id='word_1_473' title='bbox 1177 4181 1271 4232; x_wconf 76' lang='lat' dir='ltr'>R²Tu</span> 
     </span>
     <span class='ocr_line' id='line_1_46' title="bbox 164 4241 1270 4312; baseline 0 -15"><span class='ocrx_word' id='word_1_474' title='bbox 164 4242 267 4309; x_wconf 85' lang='lat' dir='ltr'>modurn,</span> <span class='ocrx_word' id='word_1_475' title='bbox 278 4245 361 4298; x_wconf 84' lang='lat' dir='ltr'>R¹Pa</span> <span class='ocrx_word' id='word_1_476' title='bbox 373 4243 502 4309; x_wconf 85' lang='lat' dir='ltr'>(Robert.)</span> <span class='ocrx_word' id='word_1_477' title='bbox 512 4241 562 4308; x_wconf 76' lang='grc' dir='ltr'>βγ.</span> <span class='ocrx_word' id='word_1_478' title='bbox 582 4285 613 4293; x_wconf 87' lang='grc'><strong>..</strong></span> <span class='ocrx_word' id='word_1_479' title='bbox 632 4255 739 4309; x_wconf 77' lang='lat' dir='ltr'>aqaront,</span> <span class='ocrx_word' id='word_1_480' title='bbox 754 4247 822 4298; x_wconf 66' lang='lat'><strong>13²1&gt;</strong></span> <span class='ocrx_word' id='word_1_481' title='bbox 839 4242 968 4308; x_wconf 83' lang='lat' dir='ltr'>(Robert.)</span> <span class='ocrx_word' id='word_1_482' title='bbox 991 4243 1223 4312; x_wconf 68' lang='lat' dir='ltr'>eqorat,B¹adssr.</span> <span class='ocrx_word' id='word_1_483' title='bbox 1242 4286 1270 4297; x_wconf 83' lang='grc'><strong>.-</strong></span> 
     </span>
    </p>
   </div>
   <div class='ocr_carea' id='block_1_4' title="bbox 0 0 1362 4710">
    <p class='ocr_par' dir='ltr' id='par_1_8' title="bbox 0 0 1362 4710">
     <span class='ocr_line' id='line_1_47' title="bbox 0 0 1362 4710; baseline 0 5"><span class='ocrx_word' id='word_1_484' title='bbox 0 0 1362 4710; x_wconf 95' lang='lat' dir='ltr'> </span> 
     </span>
    </p>
   </div>
  </div>
 </body>
</html>
