2714 4710
304 282 307 287 '
367 292 437 338 nm.
453 292 491 339 11.
521 291 599 339 cnr.
615 292 664 337 rx.
682 293 716 337 r.
748 291 846 342 anor.
861 294 880 336 a.
895 294 913 335 τ.
1142 279 1202 342 115

84 454 176 510 tnata
195 443 237 509 ab
260 466 298 509 eo
319 444 390 509 luoa
414 443 548 531 fulgere,
577 444 704 528 qualem
729 443 762 506 in
784 465 976 529 repercussu
997 465 1100 528 aquae
1121 445 1202 512 voli-

83 557 152 611 tare
185 543 416 629 oonspieimus3
453 544 528 609 ideo
560 544 702 608 molliore
738 557 771 607 et
798 543 978 629 inperfecta
1013 546 1046 611 vi
1081 547 1203 612 solvere

83 656 209 712 bennun
235 666 378 711 umorem
408 655 506 728 atque
534 645 630 710 etiam
658 642 792 732 augere,
821 667 918 729 quem
945 646 1021 712 solis
1041 644 1124 712 radii
1145 671 1204 733 ap-

22 800 24 804 .
83 757 228 826 sumant3
262 746 336 811 ideo
356 746 526 829 inaequali
559 746 678 812 lumine
714 746 853 831 adspioi,
887 745 963 828 quia
996 769 1037 812 ex
1069 749 1205 814 adverso

83 849 214 914 demum
241 849 336 934 plena
361 847 492 932 reliquis
520 846 634 912 diebus
663 857 789 912 tantum
816 870 859 921 ex
886 869 921 912 se
944 848 1037 913 terris
1058 850 1206 914 ostendat

83 959 241 1034 quantum
261 972 281 1013 a
304 948 370 1014 sole
391 948 464 1033 ipsa
484 949 658 1034 oonoipiat;
686 949 721 1012 in
747 949 834 1013 ooitu
860 947 991 1033 quidem
1017 972 1082 1015 non
1106 952 1204 1029 cerni,
1218 968 1251 1013 m

83 1051 247 1136 quoniam·
265 1049 418 1114 haustum
450 1067 576 1113 omnem
606 1049 688 1115 lucis
714 1048 851 1113 adversa
875 1049 929 1114 illo
961 1062 1089 1138 regerat
1119 1052 1206 1118 uude

82 1151 262 1236 sooeperit3
285 1152 392 1217 sidera
413 1173 489 1216 vero
510 1151 590 1215 haut
611 1151 708 1216 dubie
730 1173 841 1215 umore
865 1144 992 1216 terreno
1006 1152 1107 1237 pasci,
1130 1152 1208 1237 quia

83 1253 218 1318 dimidio
240 1253 318 1320 orbe
339 1275 578 1337 nonnumquam
599 1253 762 1343 maculosa
789 1264 947 1332 cernatur,
975 1253 1099 1319 soilioet
1124 1276 1205 1318 non-

83 1354 162 1418 dum
184 1363 374 1440 suppetente
397 1355 440 1418 ad
459 1354 672 1418 hauriendum
693 1356 778 1419 ultra
790 1355 876 1419 iusta
891 1355 942 1433 vi;
964 1355 1105 1420 maoulas
1121 1355 1205 1420 enim

82 1477 148 1520 non
170 1455 258 1519 aliud
280 1477 349 1520 esse
370 1476 467 1540 quam
482 1466 584 1519 terrae
598 1465 707 1541 raptas
727 1478 801 1521 eum
815 1479 926 1522 umore
942 1456 1044 1521 sordis
1052 1482 1062 1535 3
1084 1455 1131 1522 X.
1147 1457 1204 1523 de-

83 1556 192 1622 iectus
212 1567 322 1622 autem
342 1578 418 1621 suos
440 1566 474 1622 et
494 1556 581 1633 solis,
611 1545 680 1620 rem
707 1556 741 1622 in
769 1546 838 1621 tota
858 1557 1125 1643 oontemplatione
1146 1581 1205 1621 na-

84 1669 176 1724 turae
208 1680 357 1723 maxume
388 1655 502 1721 miram
534 1667 567 1723 et
597 1667 723 1723 ostento
757 1657 907 1737 similem,
948 1659 1206 1744 magnitudinum
1257 1643 1259 1652 ¹

82 1758 282 1842 umbraeque
303 1758 426 1823 iudices
449 1758 612 1848 exsistere.

128 1861 159 1925 7.
189 1857 321 1945 Quippe
341 1859 550 1924 manifestum
573 1869 623 1924 est
644 1861 742 1926 solem
763 1861 947 1926 interventu
974 1862 1068 1927 lunae
1096 1861 1205 1926 oooul-
1219 1871 1251 1919 4⁷

83 1961 146 2027 tari
172 1962 347 2044 lunamque
374 1971 479 2025 terrae
505 1960 634 2026 obieotu
659 1984 699 2026 ao
724 1961 804 2027 vicis
830 1948 938 2042 reddi,
973 1962 1103 2028 eosdem
1130 1963 1206 2030 solis

82 2064 194 2130 radios
214 2065 291 2128 luna
310 2062 501 2149 interpositu
528 2085 587 2128 suo
609 2063 775 2128 auferente
798 2073 901 2130 terrae
925 2074 1072 2149 terraque
1092 2065 1188 2130 lunae
1195 2087 1205 2140 3

82 2164 145 2230 bno
171 2164 330 2231 subeunte
357 2163 542 2250 repentinas
570 2164 686 2230 obduoi
721 2165 869 2231 tenebras
894 2188 1085 2250 rursumque
1117 2164 1204 2231 illius

82 2264 200 2330 umbra
221 2265 309 2331 sidm
330 2265 487 2344 hebetari,
508 2286 614 2349 neque
636 2266 723 2330 aliud
745 2287 815 2330 esse
836 2278 964 2332 noctem
983 2289 1080 2352 quam
1100 2275 1204 2329 terrae

82 2366 242 2445 umbram,
268 2366 407 2455 figuram
432 2377 540 2431 autem
568 2367 700 2432 umbrae
728 2366 864 2431 similem
888 2377 993 2430 metae
1020 2388 1058 2429 ao
1085 2364 1204 2430 turbini

82 2469 224 2546 inverso,
248 2468 376 2550 quando
390 2489 543 2549 mucrone
560 2476 684 2531 tantum
697 2467 828 2554 ingruat
841 2486 945 2549 neque
959 2467 1058 2554 lunae
1070 2466 1206 2545 excedat

84 2568 299 2652 altitudinem,
323 2570 472 2652 quoniam
494 2569 617 2634 nullum
638 2567 725 2634 aliud
746 2567 836 2632 sidus
851 2566 964 2632 eodem
977 2567 1073 2633 modo
1087 2566 1203 2633 obscu-

83 2764 162 2830 bsrt)
181 2775 233 2829 toto,
243 2761 295 2831 βγ.
318 2769 356 2817 At
367 2767 462 2816 locutio
480 2767 506 2815 iu
521 2775 591 2816 totum
605 2765 690 2815 Plinio
703 2765 802 2825 usitato,
822 2765 864 2828 qui
876 2779 1016 2828 numquam
1027 2768 1079 2815 hoc
1090 2781 1165 2815 sensu
1177 2766 1204 2814 in

83 2844 132 2886 tou
143 2835 217 2896 dicim
228 2835 278 2885 vid.
291 2840 332 2896 24,
345 2839 386 2884 ai.
400 2840 441 2895 ³1,
454 2840 494 2884 51.
508 2839 548 2884 so.
561 2839 601 2882 so.
616 2837 672 2884 107.
686 2839 726 2894 ³5,
740 2840 763 2883 2.
778 2836 834 2883 187.
848 2839 889 2893 ae,
901 2838 942 2881 44.
961 2873 993 2881 -
1010 2843 1109 2894 maara,
1122 2835 1158 2882 (1¹.
1172 2873 1204 2882 -

84 2918 232 2968 repercussu
243 2916 334 2968 aquae,
345 2904 418 2952 Rad.
430 2916 575 2966 repercussa
587 2918 660 2964 aqua,
669 2901 753 2963 Pbgr
763 2897 894 2960 (Robert.)
907 2939 939 2948 -
951 2899 1052 2959 mollire,
1065 2899 1159 2949 Sabell.
1172 2939 1204 2947 ..

84 2970 296 3030 mmmuatPat
315 2969 455 3028 adsumant,
466 2970 498 3019 R
517 3008 549 3016 ..
569 2966 630 3028 ideo,
643 2968 829 3028 R¹TPabdg.
848 2973 936 3025 autem
948 2980 969 3013 r.
988 2962 1044 3013 ideo
1056 2974 1087 3025 et,
1102 2961 1154 3029 βγ.
1173 3004 1205 3013 ..

84 3037 191 3101 adepti,
202 3036 302 3087 Pauus
321 3035 429 3096 adsum,
441 3036 573 3085 armus
583 3037 619 3097 ¹g.
637 3033 741 3095 absumi,
752 3050 772 3081 r.
793 3073 824 3081 ..
841 3041 898 3092 tum,
909 3033 939 3080 P.
954 3071 985 3079 ..
998 3031 1112 3093 ostendit,
1123 3034 1154 3081 P.
1174 3071 1205 3080 ..

84 3122 112 3166 u,
123 3103 242 3168 Rabdg.
264 3119 302 3165 ex,
313 3097 362 3164 1³ss
365 3116 390 3167 r.
410 3143 441 3152 ..
460 3100 603 3166 conspiciat,
617 3094 645 3149 θ.
663 3100 778 3165 aspiciat,
789 3100 818 3148 P.

120 3173 136 3235 ξ
149 3176 190 3221 lo.
209 3171 293 3232 ceruit,
304 3171 336 3222 Β.
355 3211 387 3219 -
405 3170 476 3230 omni,
488 3171 517 3219 P.
537 3209 568 3216 ..
587 3165 703 3227 aduersu,
715 3167 791 3230 Rgu.
804 3164 934 3227 aduersae,
945 3167 975 3216 P.
990 3182 1090 3227 auersa,
1101 3166 1205 3217 Barbar.

84 3239 152 3290 abd.
172 3278 204 3286 -
221 3245 295 3303 tepet,
312 3239 342 3288 P.
361 3278 393 3286 -
411 3254 475 3297 vero,
491 3251 542 3286 om.
557 3236 587 3284 Ρ.
605 3235 700 3285 humore
717 3249 775 3282 uero
791 3242 887 3282 terreno
904 3240 931 3282 ut
947 3233 1034 3283 sidera
1050 3231 1122 3282 dated
1132 3230 1208 3285 dubie

80 3304 170 3372 posci,
186 3305 276 3356 Dalso.
296 3345 327 3354 ..
347 3304 399 3368 qui,
414 3306 439 3354 b.
459 3344 491 3352 -
509 3301 612 3352 dimidio
628 3303 691 3363 orbe,
707 3301 803 3363 Radg.
828 3318 846 3350 a
862 3298 962 3352 dimidio
979 3304 1042 3363 orbe,
1054 3302 1079 3351 b.
1099 3303 1155 3351 orbe
1167 3299 1206 3351 di·

84 3370 170 3433 mitto,
181 3367 259 3437 Ρβγ.
278 3411 310 3420 -
328 3388 466 3436 numquam,
477 3371 530 3422 Ro.
549 3385 596 3419 uon
610 3384 726 3431 uuquam,
741 3368 867 3419 Riohelet.
889 3385 1011 3434 uunquam
1028 3384 1083 3431 nou,
1100 3369 1168 3420 Pint.
1182 3377 1208 3418 et

83 3440 176 3493 Duae.
197 3479 223 3488 -
244 3439 439 3500 muculusn‚Rd.
456 3435 692 3499 maeatasqrabg.
715 3477 746 3486 ..
770 3445 894 3498 cernatur,
910 3438 1014 3488 Barbar.
1031 3437 1131 3486 R¹a¹d
1155 3452 1207 3487 cer·

84 3515 179 3558 muer
201 3507 377 3570 R21’a2bgo.
395 3547 427 3556 ..
446 3502 546 3568 strar.
564 3544 595 3554 ..
614 3504 688 3565 ultra,
701 3519 752 3554 om
763 3505 793 3554 P.
806 3545 839 3555 ..
851 3503 923 3566 iustu,
936 3507 1015 3567 a²dg.
1033 3502 1115 3565 iaxta,
1126 3505 1206 3555 RPb.

85 3543 200 3636 luciad.
219 3614 251 3624 ..
268 3573 340 3635 enim,
352 3589 402 3624 om.
414 3574 444 3624 Ρ.
464 3613 496 3622 ..
513 3572 729 3633 mundesae,P¹.
756 3612 788 3621 ..
814 3571 877 3634 eius,
887 3589 908 3622 r.
926 3572 974 3633 aui,
985 3571 1073 3621 Daleo.
1098 3611 1129 3620 ..
1157 3578 1208 3620 totu

84 3641 299 3707 wmmnplutioua
315 3643 374 3704 ΒΡ.
396 3648 474 3690 tutum
489 3637 719 3703 contemplationem,
740 3641 827 3703 abdg.
852 3655 972 3705 quaeres
988 3639 1019 3688 iu
1037 3678 1066 3687 -
1091 3636 1158 3686 mira
1178 3675 1204 3685 -

32 3703 36 3708 ’
84 3707 192 3771 similia,
212 3709 302 3760 Daleo.
325 3749 357 3758 ..
383 3707 583 3772 maput'tudiuum,
603 3708 663 3757 b2d.
694 3705 898 3773 aspritudinem,
914 3707 1022 3769 Rab¹g.
1049 3719 1132 3754 eorum
1156 3720 1208 3754 ma-

84 3776 245 3894 qm'tudimpt,
256 3772 334 3841 Pur.
347 3817 379 3826 ..
389 3776 488 3837 iudices,
499 3776 529 3826 Ρ.
542 3771 672 3837 (Rosea)
685 3815 716 3824 ..
728 3774 852 3835 exemere,
863 3775 966 3824 Barbas.
978 3773 1067 3834 Rabg
1078 3769 1208 3834 (Robert.)

87 3842 198 3905 extitere,
237 3847 261 3895 d.
1132 3864 1134 3870 ¹

121 3914 190 3976 547.
209 3917 293 3962 terrae
309 3920 434 3974 utruque,
451 3912 475 3961 d.
498 3919 637 3972 terraeque,
652 3909 704 3959 Rs.
728 3916 848 3971 terraque,
864 3908 914 3959 ΤΡ
930 3902 1059 3969 (Robert.)
1078 3948 1109 3957 ..
1128 3906 1208 3968 lunae,

87 3993 140 4028 om.
152 3981 189 4029 ak
208 4019 240 4028 ..
259 3976 314 4039 buo,
325 3979 378 4029 Rs.
397 3977 444 4028 luc
456 3991 524 4036 vero,
539 3977 581 4027 Pr
597 3972 728 4037 (robert)
741 3973 829 4025 Omitt
840 3975 893 4025 Td.
911 4015 943 4024 ..
961 3974 1043 4035 obiici,
1054 3976 1084 4026 Ρ.
1105 4015 1135 4022 -
1153 3991 1209 4024 rur-

88 4061 190 4108 sumque
208 4043 288 4106 illius,
305 4047 380 4096 Bad.
403 4047 541 4107 rursusque
558 4035 635 4103 illius,
650 4041 680 4092 1³.
703 4057 794 4101 rursus
808 4039 885 4102 idias,
896 4041 935 4092 Τ.
947 4083 979 4092 ..
989 4043 1101 4108 fiqurue,
1112 4042 1157 4092 R¹.
1176 4082 1209 4092 .-

89 4112 153 4175 urbi,
172 4107 202 4162 θ.
221 4153 254 4162 ,
273 4113 371 4175 quando
386 4127 500 4164 mucrone
515 4125 588 4161 uerso
606 4125 637 4160 er
652 4107 770 4174 supremi,
791 4122 880 4172 margo
894 4109 927 4160 Β.
951 4150 983 4159 ..
993 4112 995 4118 “
1006 4109 1085 4172 tanae,
1102 4126 1125 4159 a.
1142 4108 1210 4159 Voci

89 4180 206 4244 quonium
229 4181 369 4245 praemittit
393 4181 418 4230 d.
444 4179 539 4232 omitt„
558 4169 663 4228 surr.
691 4217 723 4224 ..
750 4174 912 4238 altitudinem,
928 4176 1024 4230 sabell.
1051 4175 1210 4236 latitudinem,

89 4247 256 4301 suram«.
1009 4309 1027 4344 ἤ
