2714 4710
169 246 229 310 182
513 258 717 306 sarnanum
738 259 930 307 msroamn

148 394 327 479 'Undantis
341 409 503 478 inclinatio
520 420 554 475 et
571 408 686 477 fluctus
705 431 793 477 more
807 409 963 493 quaedam
983 409 1138 476 volutatio
1159 411 1276 477 infesta

167 526 234 592 cst,
262 524 318 579 aut
343 535 416 580 cum
437 512 471 577 in
491 533 588 575 unam
609 521 734 598 partem
756 520 840 577 totus
861 518 1022 575 semotus
1041 509 1176 594 inpellit.
1208 511 1275 579 De-

167 615 276 680 sinunt
296 623 404 678 autem
426 622 590 689 tremores,
614 633 687 676 cum
708 622 823 677 ventus
845 612 989 689 emersit3
1012 610 1062 676 sin
1082 632 1161 676 vero
1181 612 1276 678 dura·

166 737 253 794 vere,
276 737 339 783 non
360 723 434 778 ante
457 711 668 799 quadraginta
687 712 756 777 dies
777 711 942 789 sistuntur,
962 711 1153 796 plerumque
1168 723 1201 777 et
1214 722 1275 777 tar·

166 816 249 894 dius,
272 825 384 899 utpote
405 836 479 879 cum
501 813 631 897 quidam
652 835 758 877 annuo
780 823 812 878 et
831 812 940 879 bienni
961 812 1063 898 spatio
1084 812 1275 880 duraverint.

213 913 417 980 LXXXIII.
462 915 513 979 85.
546 913 684 978 Factum
717 924 767 978 est
798 913 916 991 semel,
949 912 1035 997 quod
1065 914 1216 997 equidem
1243 915 1325 979 inas

163 1013 321 1080 Etruscae
348 1014 534 1100 disciplinae
562 1014 775 1080 voluminibus
800 1014 945 1091 invenio,
977 1014 1093 1101 ingens
1126 1024 1276 1080 terrarum

163 1127 347 1202 portentum
374 1115 416 1181 L.
444 1115 570 1182 Marcio
598 1113 674 1180 Sex.
705 1115 786 1181 Iulio
816 1138 897 1180 coss.
926 1116 960 1180 in
988 1135 1065 1202 agro
1092 1113 1276 1181 Mutinensi.

163 1215 311 1299 Namque
337 1227 463 1282 montes
490 1218 553 1281 duo
574 1217 658 1281 inter
680 1238 714 1280 se
737 1225 965 1282 concurrenmt
985 1214 1111 1300 crepitu
1129 1236 1276 1280 maxumo

164 1318 361 1383 adsultantes
375 1318 637 1400 recedentesque,
660 1315 744 1381 inter
763 1339 817 1382 eos
835 1315 962 1380 flamma
981 1315 1134 1399 fumoque
1152 1315 1188 1379 in
1206 1336 1275 1381 cae·

163 1418 229 1483 lum
244 1428 382 1484 exeunte
396 1419 551 1496 interdiu,
574 1427 739 1504 spectante
754 1439 773 1482 e
787 1417 840 1482 via
852 1416 992 1482 Aemilia
1004 1439 1124 1504 magna
1136 1417 1277 1500 equitum

162 1516 378 1584 Romanorum
393 1519 647 1602 familiarumque
670 1528 704 1583 et
723 1518 881 1583 viatorum
902 1517 1116 1582 multitudine.
1137 1515 1190 1582 Eo
1204 1538 1277 1583 con·

164 1641 260 1685 cursu
279 1620 373 1686 villae
392 1642 502 1686 omnes
525 1620 632 1698 elisae,
655 1619 803 1684 animalia
822 1619 981 1703 permulta
1001 1639 1084 1702 quse
1104 1617 1190 1682 intra
1209 1618 1277 1685 fue·

162 1730 233 1785 rant
260 1720 440 1786 exanimata
469 1730 544 1785 sunt
571 1742 653 1784 anno
680 1729 753 1785 ante
783 1718 898 1784 sociale
922 1718 1052 1798 bellum,
1082 1717 1172 1802 quod
1194 1717 1278 1785 haud

165 1821 231 1884 scio
246 1841 286 1882 an
302 1820 464 1885 funestius
486 1831 589 1885 terrae
610 1820 673 1904 ipsi
694 1818 806 1884 Italiae
828 1819 926 1885 fuerit
947 1841 1043 1903 quarn
1063 1818 1180 1886 civilia.
1207 1819 1278 1885 Non

162 1919 267 1982 minus
287 1919 402 1984 mirum
424 1930 586 1985 ostentum
608 1930 642 1985 et
662 1930 771 1984 nostra
792 1918 943 2006 cognovit
963 1930 1052 1984 aetas
1072 1940 1156 1984 anno
1177 1919 1278 1985 Nero-

162 2017 212 2081 nis
234 2018 387 2103 principis
410 2040 570 2103 supremo,
594 2021 678 2086 sicut
695 2020 730 2085 in
746 2019 842 2086 rebus
858 2020 927 2087 eius
942 2020 1158 2106 exposuimus,
1179 2022 1279 2108 pratis

163 2119 305 2200 oleisque
329 2118 546 2185 intercedente
573 2119 703 2204 publica
729 2121 782 2186 via
807 2122 842 2185 in
869 2121 1042 2187 contrarias
1068 2121 1155 2187 sedis
1176 2133 1279 2188 mans·

162 2219 281 2307 gressis
307 2219 340 2284 in
367 2242 446 2308 agro
467 2219 671 2300 Marrucino,
702 2222 842 2305 praediis
868 2220 964 2287 Vecti
988 2219 1135 2288 Marcelli
1163 2223 1279 2307 equitis

162 2319 297 2386 Romani
318 2344 370 2387 res
391 2320 529 2387 Neronis
550 2321 761 2407 procurantis.

204 2421 406 2488 LXXXIV.
439 2424 490 2488 86.
519 2420 620 2487 Fiunt
642 2422 736 2488 simul
756 2443 830 2486 cum
854 2432 1068 2496 remman
1089 2433 1122 2491 et
1141 2423 1334 2491 inundo-s

163 2523 265 2587 tiones
286 2525 383 2587 maris
405 2523 518 2588 eodem
539 2522 691 2591 videlicet
712 2524 827 2609 spiritu
846 2523 946 2591 infusi
964 2547 1003 2591 ac
1018 2535 1122 2592 terrae
1135 2524 1278 2592 residen-

162 2622 203 2685 tis
218 2623 290 2686 sinu
303 2622 435 2704 recepti.
462 2621 637 2688 Maxumus
658 2633 760 2690 terrae
781 2624 934 2690 memoria
953 2625 1137 2691 mortalium
1159 2625 1280 2692 exstitit

195 2789 287 2850 dantis,
303 2793 353 2842 R1.
373 2833 405 2842 ..
423 2792 545 2856 fluctuas,
563 2797 612 2843 R¹.
630 2796 765 2859 fluctuum,
787 2788 815 2845 θ.
834 2837 867 2846 -
885 2796 990 2857 emersit,
1005 2798 1039 2849 A.
1062 2799 1183 2858 remansit,
1198 2799 1231 2847 R.
1253 2813 1279 2846 se

162 2858 255 2921 meruit,
268 2860 309 2908 a¹.
336 2875 362 2908 se
379 2860 466 2920 mersit,
484 2862 507 2909 d.
531 2860 639 2925 emeryit‚
656 2866 690 2911 a²
710 2859 840 2924 (Robert.)
862 2903 893 2911 ..
916 2863 952 2924 in,
969 2866 1017 2914 3¹.
1035 2904 1066 2913 ..
1085 2863 1277 2927 decantasset

161 2966 193 2975 -
210 2925 300 2987 bienni,
313 2930 353 2976 a'2.
373 2926 472 2988 biennii,
485 2922 556 2991 ᾱβγ.
575 2928 677 2987 biennio,
688 2929 751 2978 AT.
770 2928 833 2989 bino,
846 2931 886 2978 a¹.
904 2930 992 2992 ntimo,
1004 2932 1036 2980 R.

194 2995 208 3057 ὅ
223 2999 278 3044 199.
296 2992 440 3057 Erfuctum,
452 2997 521 3044 Rae
541 3033 573 3042 -
591 3002 633 3055 est,
646 2995 730 3045 RAd.
755 3004 790 3044 est
801 3004 830 3055 et,
842 2999 883 3046 a2.
905 2999 1037 3058 mtetnoc,
1049 2998 1098 3062 hy.
1120 2997 1180 3048 Om.
1192 2999 1235 3048 a¹.
1247 3036 1277 3047 .-

160 3060 259 3120 inuenio,
272 3062 401 3111 It²ATd
420 3059 515 3121 inueni,
527 3057 643 3124 R¹ass2e
661 3062 787 3123 inuenitur,
803 3054 832 3111 θ.
851 3103 883 3111 -
899 3081 956 3130 qens
969 3073 1014 3124 ter,
1026 3067 1051 3114 R
1067 3066 1094 3113 in
1106 3079 1173 3116 corr.
1190 3104 1223 3114 ..
1237 3062 1278 3126 L,

161 3129 241 3175 omitt.
254 3128 278 3176 R
289 3129 354 3176 ¹Td.
375 3168 406 3176 ..
424 3126 500 3186 Iulio,
513 3129 628 3178 R²Aad
639 3124 770 3190 (Robert.)
789 3127 858 3191 lusio,
870 3131 894 3179 R
905 3133 920 3179 ¹.
943 3128 1029 3192 Decio,
1042 3124 1104 3181 Τθ.
1123 3172 1157 3182 ..
1175 3131 1277 3192 consule,

160 3194 212 3242 ΒΤ
225 3190 353 3253 (Robcrt.)
377 3233 409 3241 ..
432 3193 577 3254 Mutinense,
589 3196 621 3245 R.
640 3235 672 3243 ..
694 3196 792 3260 crepito,
804 3196 838 3246 A.
856 3237 888 3246 ..
913 3198 1019 3261 adsultu,
1036 3200 1086 3248 R'.
1110 3237 1143 3248 ..
1168 3197 1277 3249 reciden-

160 3268 249 3319 tesque,
266 3260 314 3306 1t1.
333 3297 364 3305 -
384 3259 485 3319 interea,
498 3277 510 3308 r
522 3258 651 3323 (Robert.)
669 3302 702 3310 -
719 3279 851 3324 uuommr
867 3261 996 3328 (Robert.)
1015 3305 1047 3314 -
1064 3281 1148 3327 cursu,
1166 3268 1208 3316 (1¹.
1226 3281 1277 3315 aon·

159 3339 257 3383 cursus,
273 3325 304 3371 n.
324 3363 355 3371 ..
374 3325 481 3373 animali
497 3343 523 3374 eo
539 3343 665 3389 concursu,
681 3330 716 3379 A.
735 3370 767 3379 ..
777 3331 885 3394 fuerunt,
901 3334 1005 3383 Robert.
1023 3371 1057 3382 -
1079 3334 1137 3393 scio,
1154 3334 1276 3383 lemna

159 3388 243 3451 irretio,
255 3391 303 3439 R¹.
323 3429 355 3438 ..
373 3389 424 3453 ipsi
434 3399 522 3451 terrae,
534 3388 562 3452 β.
582 3433 613 3440 ..
632 3395 726 3458 ciuilia,
742 3398 834 3447 R¹Aa
842 3401 866 3448 d.
888 3397 966 3460 civile,
978 3400 1081 3450 Robcn.
1104 3397 1173 3450 tella
1184 3399 1276 3461 cs‘uila'u,

159 3457 201 3506 R²
211 3448 239 3505 θ.
258 3496 290 3505 -
307 3457 434 3517 intercede,
450 3459 494 3507 R¹.
518 3498 547 3506 -
565 3459 664 3523 publicu
679 3463 729 3525 uio,
742 3465 840 3515 RAad
856 3462 985 3528 (Robert.)
1007 3465 1051 3515 uia
1058 3466 1170 3531 publicu,
1181 3463 1233 3532 βγ.
1245 3506 1276 3516 -

160 3523 233 3584 sedis,
249 3524 283 3573 A.
302 3563 334 3572 ..
354 3524 476 3588 proediis,
493 3526 629 3576 R'Aa2d.
649 3529 880 3593 praesidis,R²a¹
898 3529 991 3595 (noo.)
1010 3573 1041 3582 ..
1066 3532 1188 3596 Vecti,R.
1214 3533 1276 3594 Vut,

158 3592 192 3709 A,
218 3590 301 3653 Vectii,
314 3587 405 3670 odfin.
437 3592 642 3710 Vpeqciii’RObert'
672 3596 785 3660 Victorii,
801 3600 911 3662 suspicio
927 3601 1016 3651 Heius.
1029 3602 1084 3650 adr.
1096 3616 1122 3664 p.
1136 3605 1195 3651 487.
1218 3600 1275 3650 tna

161 3665 172 3706 1
194 3665 270 3718 ,245.
290 3699 322 3707 ..
340 3668 441 3722 equales,
497 3697 503 3709 .

191 3726 206 3788 ἓ
220 3732 277 3776 200.
293 3743 326 3803 ¹oc
339 3729 470 3790 terrenali.
494 3735 537 3778 aut
550 3736 638 3789 terrac,
649 3731 683 3780 K.
705 3741 754 3794 eut,
764 3728 865 3795 Aaou.
884 3775 916 3784 -
933 3735 1075 3795 residentes,
1087 3736 1112 3784 R
1121 3734 1138 3784 ¹.
1163 3733 1277 3795 sidentis,

158 3793 198 3871 Κ.1
210 3832 242 3841 ..
264 3792 359 3855 Tuberi,
372 3796 396 3844 R
406 3796 421 3843 ¹.
440 3835 471 3844 -
485 3795 660 3860 principatum,
671 3799 703 3848 R.
723 3838 754 3847 ..
773 3816 810 3861 ac,
821 3802 896 3859 Aad.
916 3812 996 3867 atque,
1009 3797 1086 3866 Rssr.
1108 3802 1155 3852 Uti
1168 3819 1199 3852 uc
1210 3804 1277 3866 opud

157 3859 271 3910 th'um
287 3876 341 3909 non
356 3877 413 3911 raro
431 3878 556 3912 consonae
573 3881 586 3913 c
601 3865 768 3927 praemissum
782 3869 881 3919 videtur
893 3870 955 3932 (vid.
967 3872 1000 3920 ad
1012 3876 1053 3928 32,
1070 3867 1134 3931 24.),
1152 3870 1189 3919 ita
1200 3870 1277 3919 etiam

157 3925 247 3984 litteris
261 3943 292 3990 qu
304 3930 431 3991 pracmitti
442 3931 534 3994 potuit.
555 3931 615 3980 Vid.
629 3938 669 3993 20,
682 3939 724 3983 88.
742 3939 783 3995 33,
796 3940 836 3984 29.
855 3975 887 3986 ...
910 3934 1184 3999 transmaritanus
1199 3932 1276 3997 corr.)

158 3990 363 4056 thrasyminenum,
378 3996 412 4045 A.
432 4036 463 4045 -
483 4012 566 4059 neque,
583 3999 666 4048 RAa.
691 4015 742 4062 nec,
759 4004 782 4050 d.
801 4043 832 4051 -
850 4011 946 4065 tantum,
958 4004 983 4053 R
995 4001 1041 4064 (ex
1058 4001 1136 4066 corr.)
1155 4044 1188 4054 ..
1203 4018 1276 4070 pars,

158 4057 207 4106 R¹.
227 4097 258 4106 ..
276 4068 372 4120 ostento,
384 4063 490 4114 RSTA
498 4056 616 4115 OKadr.
634 4075 756 4129 ostentum,
768 4069 871 4120 Robcrt.
882 4064 911 4131 β.
930 4109 961 4119 -
971 4070 1073 4134 futuru,
1084 4071 1134 4121 3¹.

191 4122 275 4182 5201.
294 4126 460 4205 attollendum,
473 4146 497 4203 a.
514 4170 547 4180 -
561 4140 653 4195 potens,
665 4136 735 4184 Bm.
755 4151 856 4199 ponens,
872 4139 960 4188 R¹a¹.
979 4145 1068 4202 potest,
1084 4138 1159 4189 Aa2.
1179 4177 1212 4187 -
1233 4153 1276 4188 uc·

159 4187 196 4251 let,
209 4205 228 4239 r.
247 4230 278 4240 ..
301 4203 399 4258 annecto,
412 4197 444 4255 R.
462 4237 493 4248 ..
518 4199 647 4261 coniectus,
663 4201 693 4251 Τ.
713 4240 744 4251 ..
767 4204 898 4267 maiorque,
916 4204 1010 4256 Sabell.
1027 4205 1134 4256 RAad.
1157 4203 1276 4269 miroque,
