2714 4710
112 164 220 216 autem
245 174 265 213 a
290 149 425 213 Piraeeo
452 148 699 214 Atheniensium
723 160 820 234 portu
846 171 891 213 xx
912 171 937 211 u
961 172 995 235 p.
1021 149 1132 227 abest,
1161 164 1233 217 ante

113 249 249 316 Oenone
264 250 413 314 vocitata.
437 247 570 335 Spiraeo
585 251 802 335 promontorio
815 249 963 314 obiacent
972 248 1105 331 Eleusa,
1121 251 1235 318 Adeu-

113 352 204 431 dros,
235 349 396 436 Craugiae
418 349 518 428 duae,
543 347 683 414 Caeciae
705 351 806 428 duae,
829 348 1022 429 Selachusa,
1046 348 1235 431 Cenchreis,

112 453 226 538 Aspis,
249 452 297 516 uti
320 462 353 517 ct
373 452 408 515 in
420 449 589 537 Megarico
609 451 680 514 sinu
701 450 903 518 Methurides
917 445 962 516 iv.
995 451 1117 539 Aegrla
1130 464 1235 518 autem

113 577 159 618 xv
184 578 209 618 u
235 577 268 639 p.
296 575 316 615 a
343 550 486 636 Cythera
513 552 688 635 eademque
715 575 735 616 a
758 550 877 617 Cretae
898 552 1100 618 Phalasarna
1120 555 1235 641 oppido

113 677 180 718 xxv
202 654 267 717 mil.
289 675 453 738 passuum.

156 754 207 818 20.
230 753 307 839 Ipsa
322 750 421 817 Creta
443 754 543 817 altero
564 754 664 818 latere
686 754 728 817 ad
751 765 905 832 austrum,
929 755 1030 819 altero
1048 755 1093 819 ad
1102 766 1234 842 septen·
1247 778 1273 823 ss

115 855 252 918 trionem
278 875 372 918 versa
403 854 488 918 inter
514 864 619 917 ortum
651 876 864 939 occasumque
896 855 1077 942 porrigitur
1110 868 1235 922 centum

113 956 244 1021 urbium
265 956 351 1020 clara
372 955 468 1018 fama.
500 953 662 1020 Dosiades
685 978 755 1020 eam
777 978 797 1019 a
819 952 916 1020 Crete
942 955 1088 1042 nympha
1107 956 1234 1043 Hespe-

114 1057 194 1122 ridis
214 1057 290 1134 filia,
312 1055 556 1120 Anaximander
578 1080 597 1120 a
617 1079 695 1143 rege
720 1054 892 1133 Curetum,
909 1054 1099 1123 Philistides
1120 1057 1234 1127 Mallo-

115 1169 164 1221 tes
187 1205 274 1221 ......
299 1153 413 1220 Crates
435 1156 575 1240 primum
593 1155 726 1220 Aeriam
747 1155 877 1232 dictam,
899 1154 1017 1221 deinde
1038 1169 1155 1243 postea
1170 1157 1235 1225 Cu.

115 1257 219 1334 retim,
242 1266 275 1320 et
287 1253 446 1320 Macaron
467 1255 611 1319 nonnulli
633 1277 652 1318 a
675 1255 829 1340 temperie
851 1255 930 1319 caeli
951 1257 1148 1342 appellatam
1169 1261 1235 1325 exi·

116 1369 305 1423 stumavere.
326 1355 515 1420 Latitudine
538 1377 695 1439 nusquam
717 1355 952 1441 quinquaginta
971 1379 998 1420 u
1011 1379 1052 1442 p.
1075 1361 1235 1427 excedens

117 1470 150 1524 et
176 1460 261 1525 circa
286 1457 425 1521 mediam
455 1455 505 1520 sui
530 1466 657 1540 partem
683 1478 832 1520 maxume
858 1466 974 1541 pateus
1002 1458 1235 1544 longitudinem

116 1562 219 1645 inplet
240 1581 346 1622 cccxx
367 1581 392 1621 n
413 1578 580 1642 passuum,
605 1555 773 1620 circuitum
794 1578 968 1648 mxxxrx,
982 1556 1183 1644 flectensque
1203 1585 1236 1627 se

117 1661 152 1722 in
175 1656 341 1723 Creticum
369 1657 503 1743 pelagus
529 1656 569 1720 ab
596 1679 634 1720 ea
659 1656 797 1732 dictum,
827 1677 891 1738 qua
914 1655 1107 1744 longissima
1128 1661 1238 1727 estad

150 1883 252 1942 Piraae,
271 1883 304 1929 A.
330 1880 456 1941 Pisea,R.
476 1920 507 1927 -
535 1876 603 1937 XX,
620 1868 763 1927 RAOTd.
789 1876 887 1936 XXX,
904 1891 948 1939 ar.
975 1877 1050 1942 XII,
1061 1876 1090 1942 β
1119 1922 1151 1932 ..
1178 1895 1238 1946 anu,

117 1966 166 2000 om.
188 1951 223 1999 A.
248 1989 279 1999 -.
306 1947 410 2008 Oenone,
426 1948 530 1996 Barbas.
552 1947 606 1995 Ad.
641 1944 750 2001 Oenanc,
772 1945 803 1993 R.
843 1942 965 2008 Oenopia,
985 1947 1019 1995 K.
1048 1988 1080 1997 ..
1106 1949 1237 2014 Pr'rcc,d,

121 2016 218 2078 Clausa,
240 2018 274 2066 A.
304 2056 335 2063 -
361 2014 504 2073 Adendros,
520 2014 574 2062 Aa.
601 2011 725 2072 nendos,
744 2012 775 2060 R.
797 2010 924 2072 Dcndros,
941 2007 991 2074 dss.
1017 2054 1050 2063 ..
1072 2015 1126 2066 Gra
1158 2020 1237 2080 iae,d.

120 2083 290 2145 macerata.
314 2081 507 2149 Graupiae,R‘².
529 2079 649 2143 Ganpt'ae,
662 2080 706 2129 Rl.
719 2119 750 2126 ..
774 2077 884 2138 Caeciae,
897 2080 960 2128 BA.
978 2079 1116 2142 Acaeciae,
1155 2086 1238 2136 ,Apa

115 2155 177 2214 ciac,
189 2155 241 2203 Td.
251 2194 282 2200 -
296 2149 442 2210 Selaclasa,
451 2149 555 2198 Barbar.
568 2146 693 2207 Selacosa,
701 2146 755 2194 Aa.
769 2144 875 2207 Selacas,
884 2147 916 2196 B.
928 2146 1072 2199 darseracos
1082 2153 1120 2202 acl
1130 2153 1168 2215 ia,
1177 2156 1200 2204 d.
1209 2194 1238 2203 ..

120 2219 252 2281 Cenchreis,
264 2220 289 2268 R
301 2218 387 2281 (codd.
399 2214 526 2278 Barbari.)
548 2213 666 2273 Cenchris,
678 2217 701 2264 d
721 2213 877 2275 dacencltras,
889 2215 923 2263 A.
942 2253 975 2263 -
996 2215 1081 2281 Aspis,
1093 2219 1199 2271 Barbar.
1210 2215 1238 2272 R

117 2287 213 2351 Scapis,
225 2287 280 2334 Aa.
303 2286 374 2347 Apis,
387 2288 410 2334 d.
424 2326 455 2333 -.
468 2285 511 2344 nti,
523 2285 559 2332 ita
570 2298 617 2332 uos
630 2283 781 2344 scripsimus.
808 2279 870 2341 VII,
882 2282 965 2331 RAd.
984 2280 1058 2345 Sunt,
1069 2280 1122 2349 βγ.
1136 2327 1168 2337 ,,
1185 2287 1239 2339 Mc.

118 2352 232 2412 thartam,
245 2354 269 2401 d.
289 2351 449 2412 Metladires,
462 2352 494 2399 A.
519 2348 739 2407 Marmaricas.
762 2347 916 2408 Ethrart'des,
929 2350 983 2399 Τσ.
1001 2391 1034 2399 -
1057 2352 1161 2419 Aepila,
1177 2356 1238 2406 Bar.

116 2423 168 2469 bar.
180 2421 263 2469 RAd.
294 2417 383 2481 Eppia,
396 2419 427 2466 T.
449 2418 586 2482 Aspialnm,
603 2409 631 2466 θ.
654 2416 777 2480 Aepialia,
794 2418 826 2466 K.
849 2415 948 2480 Aeplia,
964 2412 993 2476 β.
1013 2459 1046 2466 ..
1065 2436 1090 2482 a,
1103 2437 1157 2470 om.
1171 2426 1194 2473 (L
1210 2462 1238 2472 ..

120 2486 232 2550 Cptlcra,
247 2486 418 2534 Barasasa.
440 2484 573 2545 Clatltara,
585 2486 619 2534 A.
639 2525 670 2533 ..
689 2484 820 2545 eidemque,
833 2484 865 2532 lt.
884 2523 916 2532 ..
934 2483 1089 2553 Halasarna,
1102 2490 1136 2538 R.

150 2552 165 2613 ἃ
180 2560 218 2602 58.
237 2551 307 2616 Ipsa,
320 2553 371 2601 Ra.
390 2552 422 2612 A,
434 2553 468 2601 A.
487 2591 510 2600 ..
535 2551 607 2613 Crete,
620 2554 652 2602 R.
667 2593 698 2601 ..
713 2553 793 2601 altera
805 2551 890 2611 latere,
902 2552 936 2600 A.
952 2592 984 2599 -
1001 2569 1082 2615 versa,
1096 2571 1149 2606 om.
1162 2568 1189 2606 a.
1208 2599 1239 2606 -

117 2630 202 2682 ortam,
216 2621 297 2669 omitt.
311 2621 362 2669 Ra.
382 2660 414 2668 -.
433 2629 574 2669 cloccarum
588 2635 659 2682 qnae,
672 2634 695 2667 σ.
715 2661 746 2669 ..
765 2637 816 2668 eam
829 2636 853 2680 a,
866 2620 921 2668 Ad.
944 2636 1035 2680 cama,
1048 2623 1092 2672 R'.
1115 2640 1184 2689 ama,
1196 2628 1239 2676 13².

117 2730 148 2737 -
166 2688 246 2749 Creta,
258 2682 287 2748 β.
302 2728 332 2735 ..
346 2686 491 2750 Hesperidas
495 2686 560 2748 filia
565 2705 574 2747 ,·
586 2688 649 2736 hacc
660 2689 736 2736 verba
748 2687 855 2736 Salmas.
868 2701 949 2735 exerc.
962 2701 987 2749 p.
1002 2693 1059 2740 119.
1072 2707 1094 2739 a
1105 2691 1151 2753 A,
1164 2707 1240 2756 quem

117 2759 199 2817 tacite,
212 2765 241 2806 ut
253 2758 326 2816 solet,
339 2756 461 2818 compilat
472 2756 559 2816 Hard,
572 2758 604 2804 acl
615 2753 817 2815 Anaximander,
835 2755 873 2802 uti
888 2755 964 2802 verba
976 2772 994 2802 a
1005 2771 1060 2819 repe
1080 2756 1192 2809 Curetum
1208 2762 1240 2810 ad

116 2823 260 2874 Plilz'stides
272 2825 357 2873 trahit.
376 2823 426 2873 Sed
438 2825 493 2887 ipsa
504 2823 550 2870 illa
562 2825 593 2871 de
605 2824 695 2885 quibus
708 2824 806 2884 agimus
822 2823 898 2871 verba
913 2835 958 2883 per
970 2836 997 2870 se
1009 2832 1125 2885 spectata
1136 2830 1239 2891 apposi.
1258 2874 1264 2880 ,

116 2893 211 2941 tionem
222 2894 334 2954 priorum
348 2907 401 2940 esse
414 2898 525 2953 apparet,
538 2893 607 2953 quod
619 2893 692 2939 docet
703 2892 813 2952 primum
826 2891 918 2938 omissa
929 2892 1084 2952 praepositio
1098 2895 1139 2954 ab,
1151 2896 1241 2945 deiude

115 2974 211 3007 nomon
223 2959 291 3006 illius
302 2959 369 3006 filiae
383 2960 511 3018 omissum,
525 2961 594 3020 quod
605 2959 649 3006 vix
661 2959 730 3007 aliud
742 2973 796 3006 esse
808 2959 893 3019 potuit
908 2971 985 3019 quam
1005 2955 1081 3009 Crete.
1102 2962 1173 3011 Hinc
1189 2976 1241 3025 ego

116 3027 143 3072 in
151 3027 190 3073 his
199 3027 280 3073 verbis
290 3026 414 3074 nonnulla
422 3027 523 3087 periisse
533 3027 659 3085 existimo,
669 3041 733 3088 quae
742 3040 808 3088 pone
820 3023 937 3073 Mallotes
947 3025 1105 3089 legebantur,
1118 3031 1151 3078 ad
1162 3045 1241 3093 quam

117 3092 264 3154 opinionem
276 3094 398 3140 adductus
411 3108 475 3152 sum,
494 3095 563 3155 quod
575 3093 669 3143 Crateti
682 3107 784 3155 quoque
796 3106 939 3154 cognomen
951 3093 1074 3144 Mallotes
1090 3096 1149 3146 fait.
1177 3098 1241 3147 Ideo

116 3168 176 3223 post
187 3157 304 3208 Mallotes
316 3160 416 3220 signum
428 3161 534 3209 lacunae
550 3162 633 3223 posui,
646 3176 676 3209 aa
687 3161 738 3208 lere
751 3161 833 3208 deleta
845 3160 1001 3220 existimans,
1014 3176 1080 3224 quae
1090 3165 1242 3216 Philistides

117 3231 148 3276 de
159 3228 255 3289 origine
267 3227 377 3275 nominis
389 3228 487 3275 insulae
505 3228 594 3277 Cretae
612 3236 796 3276 commentatus
814 3229 873 3287 crat,
891 3228 982 3292 quibus
999 3232 1121 3292 expositis
1138 3233 1242 3283 Plinius

118 3295 226 3344 domasse
238 3296 381 3357 scripserat:
400 3294 461 3343 idom
481 3294 598 3344 Mallotes
622 3294 714 3344 Crates.
742 3295 862 3344 Ceterum
881 3310 928 3357 pro
944 3295 1089 3360 Hesperiam
1107 3299 1242 3350 Barbarus

116 3361 221 3426 Hesperi
231 3363 346 3411 coniecit.
364 3361 516 3425 Desperidis,
528 3363 559 3411 R.
579 3402 610 3408 -
633 3361 763 3423 Caretlmm,
776 3364 808 3411 R.
833 3403 865 3411 -.
886 3363 1062 3424 moler,RAd.
1085 3364 1243 3428 Meleseatee,

116 3432 182 3480 Rob.
199 3470 230 3478 ..
253 3429 346 3489 Cruces,
358 3431 389 3478 R.
412 3428 503 3488 Carras,
516 3443 607 3491 operae
617 3429 716 3477 Broter.
730 3429 787 3479 Om.
800 3431 866 3479 Rob.
886 3471 917 3478 ..
944 3429 1055 3491 Curetim,
1068 3434 1135 3482 Rob.
1163 3432 1242 3483 Care-

117 3498 226 3557 tinias.
257 3491 479 3560 CuretimAdssy.
509 3536 539 3543 -.
566 3493 669 3555 nullia.
697 3536 728 3544 -
756 3498 848 3557 a,Ad.
867 3497 1045 3563 OmittRay.
1068 3503 1242 3562 autern,Roh.

117 3567 194 3624 ctiam,
208 3565 287 3614 Solin.
303 3571 341 3624 11,
355 3573 387 3624 4.,
401 3565 443 3627 qui
455 3572 484 3611 ut
494 3563 611 3612 Martian.
631 3569 653 3622 6,
671 3569 727 3612 659.
747 3581 792 3613 sua
809 3580 842 3613 cx
856 3567 881 3614 h.
895 3567 912 3613 l.
925 3567 1018 3616 hausit.
1038 3608 1069 3616 ..
1088 3575 1202 3633 tempore,
1214 3583 1240 3618 σ.

117 3673 149 3681 ..
168 3631 322 3696 appellatam,
333 3634 367 3681 A.
386 3629 532 3696 appellatae,
544 3631 576 3678 R.
595 3631 721 3694 appellate,
735 3635 757 3680 d.
777 3631 938 3695 appellavcre,
950 3635 982 3683 K.
1008 3675 1038 3682 ..
1057 3634 1240 3697 enisamavere,

118 3715 168 3748 om.
180 3701 212 3748 K.
231 3700 380 3760 estimavere,
392 3701 458 3748 Rob.
473 3740 504 3747 -
518 3696 697 3763 lonpitndz'nem,
709 3699 764 3748 RA
774 3693 824 3748 θᾱ.
840 3699 995 3764 lonpitadine,
1005 3697 1034 3761 β.
1052 3744 1084 3751 ..
1103 3702 1240 3765 circanam,

117 3768 189 3815 codd.
207 3767 284 3815 Haud.
312 3769 419 3826 circuita,
436 3762 545 3827 RAdss.
574 3808 605 3814 -
632 3766 899 3827 DLXXXIX,Rd.
926 3768 1096 3830 LXXXIX,
1108 3771 1143 3820 A.
1171 3768 1240 3820 mille

118 3835 260 3895 qainpentos
270 3833 439 3894 LXXXIX,
451 3852 470 3883 r.
490 3876 521 3882 -
537 3835 722 3898 promontorium
734 3832 901 3894 Sannaom'nm,
922 3835 1006 3886 RAd.
1039 3834 1129 3888 Str-mm.
1148 3855 1239 3902 prom,

117 3895 168 3962 βγ.
188 3939 218 3946 -
241 3898 426 3963 Clriamctopon,
440 3903 472 3950 A.
495 3901 711 3965 Clu'nmetopna,R.
735 3901 912 3964 lhinmctopon,
926 3906 948 3952 d.

133 4292 1277 4662 &A
