2714 4710
375 298 445 343 mn.
462 297 509 341 vr.
539 293 617 341 oar.
634 295 723 340 xvu.
755 292 947 340 suenonis.
1159 278 1221 342 421

96 469 152 511 eos
173 445 305 509 flumina
328 442 584 531 Mandragaeum
606 452 638 508 et
661 439 853 528 Caspasum.
885 443 955 508 Neo
982 443 1016 507 in
1043 443 1105 508 alia
1130 455 1222 529 parte

95 549 199 613 maior
217 557 384 612 auctorum
397 543 621 622 inconstantia,
638 545 744 623 credo,
760 555 894 631 propter
907 545 1091 610 innumeras
1105 568 1221 634 vagas-

96 671 161 732 que
182 648 299 734 gentis.
327 646 492 710 Haustum
511 644 614 730 ipsius
633 646 730 710 maris
750 646 876 710 dulcem
897 667 967 711 esse
990 656 1023 710 et
1036 645 1223 711 Alexander

94 773 233 837 magnus
247 749 400 835 prodidit,
424 758 457 813 et
471 745 519 812 M.
535 746 641 812 Varro
663 747 759 812 talem
779 749 938 833 perlatum
952 747 1109 834 Pompeio
1132 748 1224 812 iuxta

94 874 149 915 res
171 851 298 939 gerenti
318 848 540 914 Mithridatico
560 847 659 926 bello,
688 848 910 934 magnitudine
938 849 1025 913 haud
1053 849 1150 915 dubie
1172 851 1222 914 in·

94 952 264 1018 fluentium
296 951 438 1016 amnium
470 951 555 1014 victo
589 950 664 1014 sale.
702 946 815 1013 Adicit
843 950 929 1015 idem
957 949 1094 1036 Pompei
1123 951 1269 1033 ductu-52

96 1055 299 1139 exploratum
318 1051 353 1117 in
371 1049 507 1116 Bactros
529 1072 577 1113 vn
599 1048 713 1113 diebus
736 1072 776 1113 ex
795 1047 890 1114 India
911 1051 1073 1135 perveniri
1094 1051 1136 1114 ad
1149 1051 1223 1117 Ioa-

94 1176 169 1217 rum
190 1152 309 1217 flumen
330 1152 416 1235 quod
437 1151 471 1216 in
490 1149 602 1214 Oxum
622 1147 734 1213 influat
757 1158 789 1213 et
811 1171 852 1213 ex
875 1171 911 1215 eo
932 1171 991 1234 per
1012 1147 1169 1236 Caspium
1188 1151 1223 1216 in

96 1252 221 1339 Cyrum
246 1253 428 1331 subvectos,
457 1262 490 1317 et
511 1274 534 1315 v
555 1273 619 1315 non
640 1249 777 1336 amplius
803 1249 930 1315 dierum
955 1260 1083 1316 terreno
1108 1251 1222 1318 itinere

95 1354 140 1418 ad
160 1352 293 1417 Phasim
314 1354 348 1417 in
369 1354 512 1417 Pontum
532 1350 661 1415 Indicas
682 1372 780 1434 posse
802 1349 918 1414 devehi
939 1351 1063 1416 mercis.
1092 1349 1221 1416 Insulae

96 1465 165 1520 toto
186 1455 221 1518 in
243 1477 281 1519 eo
302 1454 382 1518 mari
403 1455 533 1529 multae,
556 1451 686 1538 volgata
706 1471 772 1512 una
792 1471 943 1515 maxume
965 1449 1098 1515 Tazata.

139 1557 191 1619 20.
225 1554 259 1619 A
282 1552 402 1640 Caspio
424 1552 505 1618 mari
529 1550 747 1635 Scythicoque
775 1571 895 1615 oceano
921 1550 956 1615 in
976 1550 1083 1616 Eoum
1109 1575 1223 1617 aursus
1237 1573 1268 1616 aa

95 1655 281 1734 inflectitur,
305 1655 346 1719 ad
366 1655 523 1719 orientem
543 1672 699 1717 conversa
715 1649 847 1714 litorum
861 1651 976 1716 fronte.
998 1651 1223 1718 Inhabitabilis

98 1759 169 1824 eius
190 1759 295 1844 prima
315 1780 390 1843 pars
412 1780 431 1820 a
453 1753 606 1839 Scythico
632 1752 851 1838 promontorio
872 1752 913 1818 ob
936 1753 1037 1832 nivis,
1064 1775 1224 1840 proxuma

96 1861 218 1925 inculta
233 1857 367 1922 saevitia
381 1856 538 1944 gentium.
560 1851 830 1938 Anthropophagi
847 1850 990 1937 Scythae
1005 1854 1147 1919 insident
1160 1857 1222 1921 hu-

95 1961 199 2024 manis
229 1957 416 2044 corporibus
444 1964 633 2032 vesoentes3
670 1953 745 2018 ideo
774 1952 867 2018 iuxta
895 1964 1005 2020 vastae
1035 1955 1223 2022 solitudines

97 2062 303 2143 ferarumque
323 2056 496 2122 multitudo
515 2055 602 2120 haud
621 2054 809 2120 dissimilem
823 2053 987 2121 hominum
1001 2057 1223 2123 inmanitatem

96 2162 258 2227 obsidens.
299 2158 422 2224 Iterum
454 2155 569 2222 deinde
602 2152 744 2240 Scythae
773 2155 954 2240 iterumque
987 2157 1116 2223 deserta
1149 2174 1227 2224 cum·

96 2357 141 2406 R'.
160 2351 301 2414 cleronomi,
312 2353 358 2402 Ra
377 2348 478 2400 dinosci
488 2346 560 2409 atari,
570 2348 602 2396 Τ.
621 2345 675 2396 dini
685 2345 745 2397 arai
757 2346 830 2408 otaci,
843 2348 868 2396 d.
888 2345 1075 2411 dinaseaiotaet,
1087 2352 1117 2400 Ρ.
1136 2349 1222 2413 Aeaei,

99 2421 174 2482 Oetei,
185 2416 236 2485 βγ.
255 2461 287 2468 -
306 2435 323 2467 a
334 2417 444 2479 Palaeis,
461 2419 497 2467 ita
511 2431 558 2466 nos
570 2414 724 2477 scripsimus.
748 2412 870 2478 apalaeis,
882 2416 913 2464 R.
938 2415 1042 2480 apuleis,
1053 2419 1088 2468 A.
1112 2417 1222 2484 apelleis,

95 2490 148 2608 gd.
167 2497 190 2537 et
199 2486 322 2551 Apellaei,
333 2482 355 2547 β
359 2499 384 2550 7.
408 2485 474 2536 Cum
485 2484 592 2534 Diodor.
605 2482 655 2533 Sic.
669 2488 693 2542 2,
706 2486 746 2530 43.
758 2496 783 2544 p.
798 2486 854 2531 155.
867 2485 905 2531 od.
918 2483 1025 2534 Wossel.
1036 2487 1100 2536 duos
1112 2487 1222 2550 populos

117 2557 232 2620 cythicos
245 2572 260 2604 a
272 2556 371 2604 duobus
387 2552 505 2602 fratribus
515 2551 616 2614 regibus
628 2549 822 2612 cognominatos
833 2550 912 2600 Palas
925 2559 950 2600 et
960 2551 1049 2616 Nepos
1062 2554 1161 2616 dixerit,
1177 2569 1221 2604 ve·

96 2626 172 2686 stigio
188 2624 305 2672 codicum
320 2622 496 2672 Plinianorum
513 2618 592 2670 secuti
608 2618 757 2667 conficimus
773 2618 839 2667 inter
850 2619 899 2668 hos
910 2616 1022 2682 populos
1036 2623 1221 2672 controversias

97 2700 167 2741 ortas
183 2690 272 2749 luisse,
290 2705 355 2754 quae
371 2690 444 2739 alteri
460 2688 587 2738 excidium
603 2686 758 2746 attulerunt3
779 2686 811 2734 de
827 2688 1016 2736 constructione
1031 2689 1081 2738 rid.
1101 2695 1220 2752 11‚1s⁹.,

95 2760 140 2808 ubi
154 2757 200 2819 qai
208 2757 328 2820 partitae
341 2755 484 2807 Hannibale
495 2756 595 2819 legitur.
617 2753 658 2803 Its
667 2753 830 2815 Wesselingii
842 2753 930 2817 opinio
943 2755 1096 2818 confutatur,
1109 2757 1153 2820 qui
1166 2757 1220 2807 Pa·

95 2827 132 2876 las
142 2824 253 2874 Diodori
266 2825 313 2872 sub
325 2822 423 2887 Spaleia
434 2820 534 2883 Pliniit
547 2828 588 2871 22.
600 2822 679 2871 latere
691 2821 853 2869 existimavit.

131 2894 145 2954 ξ
160 2896 199 2939 51.
218 2890 282 2951 deos,
293 2891 328 2939 A.
347 2931 378 2938 -
396 2887 604 2952 Mandragaeum,
615 2880 781 2938 ΒΔθΤΡᾱ.
804 2884 1011 2950 Mandaqraeanr,
1022 2885 1052 2950 β
1071 2931 1103 2939 .-
1124 2887 1219 2954 Caspa-

96 2977 158 3019 sum,
169 2949 309 3007 ΒΑθΤᾶ.
331 2955 491 3021 Carpasium,
501 2957 531 3006 P.
553 2954 702 3018 Camarina,
713 2948 764 3017 βγ.
781 2953 841 3003 Ηοο
852 2955 879 3003 in
890 2956 995 3004 nomine
1012 2970 1115 3018 prorsus
1128 2959 1220 3007 desinit

95 3029 130 3078 A.
149 3067 181 3076 ,
200 3026 286 3087 maior,
296 3025 328 3075 Β.
356 3023 461 3084 namra,
473 3026 498 3073 d.
522 3023 645 3084 maiorem,
656 3022 732 3071 PKr.
752 3061 784 3070 -
808 3029 945 3084 auctorum,
956 3023 1049 3073 R'Kr.
1072 3033 1182 3086 auctora,
1195 3028 1219 3076 d.

95 3090 204 3174 antarii]
220 3112 250 3160 P.
274 3119 388 3169 veteram,
404 3110 449 3159 R2.
468 3147 500 3156 ..
522 3103 695 3166 inconstantia,
711 3106 743 3154 Β.
766 3100 1005 3166 inconstantiam,'d.
1028 3106 1219 3169 inconstantiam,

93 3180 171 3230 PKr.
190 3218 222 3228 ..
243 3177 323 3239 eredo,
335 3192 385 3226 om.
396 3178 428 3227 T.
447 3216 479 3225 -
497 3172 584 3234 maria,
595 3175 662 3224 Βοὴ.
681 3171 793 3232 maioris,
804 3172 885 3222 RPd.
911 3173 1054 3239 Exscripsit
1068 3174 1134 3223 haee
1144 3178 1221 3226 verba

95 3247 177 3296 Solin.
193 3252 232 3306 19,
246 3252 269 3295 3.
283 3250 306 3294 4.
326 3284 357 3294 -
375 3243 536 3305 sitast..
552 3238 714 3299 hauddubie,
726 3241 748 3289 P
760 3236 852 3302 (Βοὴ.)
871 3239 953 3303 dubia,
966 3242 997 3292 Β.
1016 3241 1090 3293 dubia
1102 3259 1139 3305 ac,
1149 3246 1172 3293 d.
1187 3283 1219 3293 ..

86 3314 224 3378 flaminum,
236 3315 258 3363 P
271 3309 362 3376 (Βοὴ.)
381 3350 413 3360 ..
432 3309 497 3360 victo
509 3306 573 3371 eale,
585 3309 607 3359 Ρ
619 3305 710 3370 (Βοὴ.)
728 3306 787 3357 vaht'
799 3307 845 3368 ale,
857 3309 889 3358 Β.
907 3308 980 3359 victos
992 3309 1057 3370 alea,
1070 3312 1093 3360 d.
1150 3316 1155 3329 “

129 3380 144 3440 ξ
159 3388 198 3432 52.
216 3380 284 3441 dicit,
297 3382 321 3430 d.
340 3420 372 3429 ..
390 3378 516 3442 Pompeio,
527 3378 560 3427 Β.
580 3417 611 3426 ..
629 3374 713 3435 edicto,
725 3376 754 3427 P.
774 3416 806 3425 -
824 3375 936 3438 Icarum,
948 3379 981 3427 Β.
999 3376 1125 3440 lachram,
1137 3378 1217 3429 TPd.

94 3448 209 3511 Aetnam,
224 3449 319 3510 Rigalt.
336 3462 376 3510 ap.
394 3447 502 3498 Salmas.
523 3459 605 3494 exerc.
621 3459 647 3509 p.
665 3447 721 3493 15³.
739 3460 762 3494 a.
779 3446 821 3507 1),
838 3444 882 3508 qui
894 3445 1021 3508 perveniri
1034 3445 1166 3496 Dalieram
1181 3447 1218 3496 le-

46 3519 48 3523 ’
94 3517 139 3578 git.
158 3557 190 3566 ..
207 3515 234 3564 ia
250 3515 328 3566 Onam
342 3514 440 3579 inlust,
452 3515 506 3564 Rd.
529 3511 616 3562 iossnm
633 3510 768 3576 interfluat,
785 3513 815 3564 P.
834 3552 866 3562 ...
883 3514 980 3574 circam,
991 3514 1022 3564 P.
1040 3553 1072 3563 ..
1090 3514 1218 3574 subvectos,

94 3585 154 3633 ΒΡ.
175 3584 308 3643 subvectas,
321 3578 390 3645 dssr.
409 3622 440 3632 ..
459 3590 491 3643 et,
502 3581 583 3631 RPd.
601 3580 691 3631 Omitt.
701 3575 753 3646 βγ.
771 3621 804 3630 -
828 3579 907 3631 Vnon
919 3578 1042 3645 amplia&
1052 3595 1098 3644 pro
1110 3581 1151 3630 his
1162 3596 1218 3629 ver-

93 3652 133 3701 bis
145 3667 179 3701 ex
191 3651 333 3714 corruptela
344 3649 419 3699 facile
431 3650 552 3713 explicita
565 3649 661 3697 habent
672 3664 742 3697 anam
755 3647 837 3712 pluria
852 3647 932 3699 RPd.
951 3689 983 3698 ..
1001 3647 1094 3710 diebos,
1105 3648 1139 3702 K.
1156 3648 1217 3697 Vid.

93 3718 178 3769 Hand.
195 3719 303 3769 Tursell.
322 3723 344 3767 1.
361 3731 386 3780 p.
404 3723 462 3767 290.
481 3757 513 3766 ..
530 3714 645 3777 Phasim,
660 3715 690 3764 P.
717 3715 812 3775 Farina,
829 3715 883 3765 Rd.
902 3756 934 3765 ..
954 3723 1000 3766 toto
1016 3716 1041 3766 in
1053 3717 1145 3776 eo,R².
1170 3722 1218 3764 toto

93 3802 152 3846 aneo,
164 3787 210 3836 ΒΚ
230 3787 256 3835 ia
270 3795 317 3835 toto
329 3801 362 3844 ea,
374 3786 404 3834 P.
428 3794 473 3835 toto
485 3801 519 3845 eo,
532 3778 603 3847 dssr.
616 3823 648 3832 ..
661 3780 784 3846 avelgem,
796 3783 828 3832 Β
843 3823 874 3832 -
887 3799 944 3841 ana,
956 3785 980 3832 d.
995 3799 1061 3847 yma,
1072 3783 1102 3832 P.
1125 3798 1175 3831 ana
1184 3823 1216 3832 ..

98 3853 198 3903 Tazata
207 3869 257 3903 om.
267 3855 298 3902 Β.
309 3894 341 3902 ..
355 3851 459 3912 Tazata,
468 3854 485 3902 d
494 3849 580 3914 (codd.
589 3847 706 3914 Barbar.)
718 3859 833 3914 paracta,
842 3851 872 3900 P.
888 3848 976 3915 Talqa
986 3851 1020 3901 K.
1042 3849 1130 3912 Talea,
1139 3850 1216 3900 Voss.

95 3921 300 3982 1111111116,
315 3923 462 3983 musra

128 3987 197 4048 §53.
214 3987 299 4048 Εοοηι,
311 3989 379 4038 Pint.
395 3981 423 4037 θ.
447 4002 506 4050 enm,
517 3987 579 4037 ΒΤ.
600 4003 662 4047 cam,
674 3987 698 4035 d.
720 4001 754 4047 eo,
766 3986 796 4036 P.
815 4000 873 4045 eam,
885 3979 914 4047 β.
937 3984 1052 4048 Sumpsit
1067 3985 1133 4035 haec
1149 3985 1216 4036 Plin.

94 4055 142 4106 IIL
157 4060 179 4118 7,
194 4063 215 4106 l.
234 4097 265 4105 -
284 4055 432 4122 inflectatur,
449 4057 480 4106 Β.
500 4096 531 4104 ..
555 4072 580 4116 a,
596 4056 663 4104 Βοὴ.
691 4053 779 4104 Omitt.
795 4052 874 4102 RPd.
893 4093 924 4101 ..
942 4051 1149 4118 Anthropoplaqi,
1165 4053 1217 4103 vid.

93 4124 176 4175 Solin.
191 4130 230 4185 15,
242 4131 266 4173 4.
285 4164 316 4174 ..
336 4121 453 4184 insidant,
471 4121 524 4174 Td.
544 4163 575 4172 ..
598 4117 841 4186 MenonaPOEoh.)
860 4161 891 4169 -
910 4118 1031 4182 hominem,
1043 4122 1076 4171 Β.
1095 4161 1127 4170 ..
1145 4119 1215 4170 inla-

93 4191 241 4311 manitatesp,
252 4193 282 4242 P.
300 4231 332 4241 ..
350 4189 468 4309 {balaena
481 4206 531 4243 om.
544 4193 581 4242 (1¹.
604 4190 688 4241 Multa
699 4190 725 4239 in
736 4189 777 4239 his
789 4188 870 4239 verbis
882 4195 962 4240 tentat
975 4189 1082 4241 Salmas.
1095 4203 1177 4240 exere.
1189 4203 1215 4253 p.

96 4265 153 4310 1³3.
164 4261 188 4310 b.
227 4265 303 4311 .694.
315 4276 338 4310 a.
374 4295 381 4310 .
