2714 4710
142 278 187 319 XL
474 276 479 283 '
606 278 796 322 suasano.

144 429 305 489 stemmatis
323 430 382 487 mei
402 437 515 503 teneat,
538 431 632 489 multo
650 431 776 489 deterior
794 438 872 489 certe
894 429 993 488 codice
1005 429 1045 488 ab
1059 431 1163 491 eadem
1176 450 1270 492 manu

145 538 269 616 scripto,
295 539 346 615 qui
364 538 494 598 Plinium
512 539 662 600 Iuniorem
680 539 808 615 continet
814 557 824 610 3
851 539 928 597 adda
948 537 1118 598 Schulsium
1139 540 1171 598 in
1189 541 1270 605 dier.

144 642 524 707 001010011831.111·.72.
550 646 703 725 Baptistae
720 649 884 720 Beccaaati,
906 647 1021 723 patricii
1038 646 1156 721 Veneti,
1174 649 1272 708 codex

144 755 284 816 laudatur
302 775 322 814 a
339 754 507 815 Pontedera
526 765 600 816 0011.
613 755 683 816 Lat.
698 765 730 814 et
743 754 799 815 Gr.
813 775 844 832 p.
859 751 911 816 52.
926 750 1001 815 391.
1015 751 1089 815 392.
1110 757 1273 818 1100000100·

145 865 260 924 codices
279 865 339 922 duo
357 863 516 924 laudantur
535 866 574 923 ad
588 860 620 937 4,
637 861 708 924 112.
731 866 866 924 80101601
878 864 984 935 codex,
998 881 1059 939 quo
1071 865 1136 941 ipso
1148 866 1273 942 aliquo-

145 974 200 1033 ties
218 970 257 1032 ad
269 972 401 1032 Plinium
414 975 627 1033 emendandum
642 992 716 1033 usus
731 981 791 1045 est,
813 973 948 1049 inprimis
961 981 1083 1032 notetur
1093 975 1134 1033 ad
1147 969 1180 1046 5,
1196 971 1270 1036 148.

148 1077 179 1155 6,
200 1077 251 1142 93.
279 1082 373 1141 Iulius
391 1080 500 1141 Caesar
518 1083 648 1160 Souliqer
667 1101 742 1142 usus
761 1091 808 1140 est
827 1091 927 1140 vetere
946 1082 1048 1142 codice
1068 1083 1108 1141 ad
1127 1078 1272 1157 13‚100.

147 1184 231 1271 (vise
248 1191 288 1249 as
307 1189 457 1267 ascopa.
476 1191 519 1250 n.
537 1190 587 1250 Pl.
606 1210 636 1267 p.
651 1186 730 1267 rs).
763 1192 893 1250 suasa·
912 1190 1008 1249 aasz
1026 1201 1276 1251 ammonem

9 1295 17 1301 ’
146 1301 186 1359 ad
205 1294 241 1371 6,
264 1294 336 1359 197.
363 1300 466 1359 Suritu
488 1306 604 1376 praeter
620 1300 729 1358 librum
748 1297 1057 1374 Caesaraugustam
1075 1306 1136 1359 tras
1156 1300 1273 1361 codices
1343 1331 1346 1334 >

147 1408 251 1468 habuit
271 1426 289 1466 e
309 1409 449 1467 coenobio
467 1409 553 1466 aulae
571 1407 629 1466 Dei
648 1401 694 1488 (r.
716 1410 755 1467 ad
773 1405 808 1481 6,
832 1402 933 1489 103.)‚
959 1409 1108 1468 Bobertrrs
1129 1409 1225 1470 Titias
1238 1408 1272 1468 in

148 1516 243 1589 „locis
264 1484 477 1576 controversis”
498 1534 571 1574 usus
592 1523 637 1574 est
655 1517 753 1575 codice
771 1521 873 1575 vetere
894 1511 941 1596 (r.
955 1517 995 1575 ad
1009 1513 1062 1590 18,
1075 1510 1164 1597 42),
1183 1525 1281 1594 quem'

150 1624 277 1685 cariosas
290 1627 477 1684 membranas
491 1624 561 1684 dicit
573 1626 604 1683 in
617 1626 779 1684 assertione
793 1644 824 1702 p.
841 1621 914 1684 206.
936 1627 1104 1685 Torrentius
1116 1625 1276 1700 aliquoties

149 1733 277 1794 codicem
291 1752 379 1794 suum
394 1743 613 1806 commemorat,
628 1736 673 1792 uti
685 1735 724 1793 ad
740 1730 791 1806 16,
807 1730 881 1793 237.
895 1729 949 1805 34,
963 1730 1028 1808 33,
1052 1735 1202 1795 Turnebus
1215 1752 1275 1794 au·

149 1852 209 1902 tem
226 1844 258 1902 iu
276 1844 453 1901 adversariis
475 1844 643 1920 saepissime
663 1845 702 1902 ad
723 1844 839 1902 codices
858 1861 929 1902 suos
947 1850 1103 1920 provocat,
1123 1861 1199 1918 quos
1210 1849 1275 1903 tres

150 1952 366 2011 vetustissimos
381 1951 474 2010 fuisse
488 1953 562 2010 dixit
575 1953 614 2011 ad
628 1952 720 2029 praef.
736 1955 752 2021 ξ
768 1947 818 2011 16.
836 1948 886 2010 19.
914 1953 1016 2011 Ursini
1029 1952 1123 2011 codex
1134 1950 1278 2013 hudatur

150 2056 231 2132 0118,
244 2053 316 2118 165.
334 2055 406 2120 187.
421 2056 473 2133 26,
487 2056 538 2119 93.
553 2054 703 2133 35‚149.‚
719 2061 834 2119 codices
847 2061 886 2118 ad
897 2056 927 2132 9,
940 2056 1026 2132 170.;
1041 2062 1078 2119 dc
1091 2060 1144 2118 illo
1157 2060 1279 2121 locutus

151 2176 197 2229 est
209 2169 239 2227 in
254 2169 413 2245 appendice
426 2168 465 2226 ad
480 2166 626 2227 Oiacconii
639 2169 747 2228 librum
761 2170 797 2228 de
811 2168 951 2242 triclinio,
972 2175 1002 2227 et
1016 2171 1042 2228 si
1056 2156 1127 2228 veria
1140 2170 1278 2230 narrarit

151 2277 346 2349 3000011000,
368 2293 446 2335 nuno
464 2254 582 2336 notatur
601 2277 763 2336 Vaticanus
782 2273 866 2337 3861
887 2271 960 2358 (1)).
987 2279 1107 2338 Venetus
1127 2279 1221 2338 codex
1233 2277 1277 2338 D.

152 2385 276 2447 Antonii
289 2385 415 2447 innotuit
429 2384 581 2446 Gronovio
596 2390 674 2447 obss.
691 2383 721 2460 1,
736 2384 766 2445 4.
782 2381 866 2465 (0011.
880 2388 919 2445 ad
933 2381 986 2458 36,
1003 2383 1080 2463 71),
1094 2388 1170 2447 alter
1187 2389 1278 2448 Vere-

154 2506 202 2556 100
215 2495 403 2555 Bessariouis
416 2496 556 2555 laudatur
568 2496 607 2555 ad
621 2493 652 2569 4,
669 2491 741 2555 107.

195 2598 317 2664 Praeter
334 2605 390 2664 hos
411 2606 525 2664 codices
545 2605 684 2682 permulti
704 2605 822 2680 quidem
843 2605 893 2663 alii
913 2625 932 2662 a
946 2604 1175 2663 Monteialoonio
1186 2605 1219 2664 in
1232 2605 1280 2664 bi·

153 2713 300 2774 bliotheca
319 2712 576 2786 bibliothecarum,
598 2712 712 2772 Oomite
726 2714 822 2771 Turre
836 2714 873 2771 de
886 2713 1065 2786 Rezzonico,
1086 2712 1231 2772 Haenelio
1243 2712 1279 2773 in

154 2823 289 2897 catalogo
303 2822 433 2880 codicum
448 2828 478 2880 et
491 2822 558 2881 aliis
573 2821 642 2880 viris
657 2822 749 2880 doctis
763 2830 1042 2907 commemorantur,
1057 2821 1108 2896 qui
1120 2821 1279 2881 bibliotho-

155 2951 204 2992 cas
219 2933 353 2992 adierunt
366 2950 525 3007 corumque
538 2930 693 2990 thesauros
708 2931 938 3007 descripserunt,
961 2948 1051 3006 quam
1065 2929 1210 3006 insignem
1223 2947 1280 2988 co-

155 3041 234 3117 piam
255 3059 341 3100 nomo
361 3041 530 3114 mirabitur,
552 3060 620 3101 cum
640 3048 754 3099 constet
772 3057 887 3098 summa
901 3040 1091 3099 admiratione
1105 3046 1200 3098 totum
1212 3057 1281 3098 me-

156 3150 236 3209 dium
257 3169 363 3209 aevum
383 3149 472 3210 Plinii
490 3169 566 3228 opus
584 3148 774 3227 prosecutum
795 3148 902 3221 luisse,
922 3149 1001 3224 quod
1021 3149 1049 3205 ei
1067 3166 1122 3224 pro
1135 3147 1281 3205 thesauro

157 3260 287 3317 omnium
306 3260 424 3317 omnino
442 3277 541 3318 rerum
560 3266 637 3331 erat,
660 3278 698 3316 ex
718 3276 777 3333 quo
791 3258 1002 3334 propemodum
1015 3275 1075 3314 uno
1089 3273 1205 3315 omnam
1218 3271 1282 3329 qua

158 3367 283 3441 egebant
296 3366 478 3438 antiquitatis
493 3367 643 3425 scientiam
656 3366 817 3424 hauriebat.
840 3367 932 3425 Recte
942 3373 1042 3424 autem
1055 3365 1166 3424 Ianus
1179 3363 1282 3423 multi·

158 3473 226 3551 plici
253 3473 432 3551 experientia
451 3474 571 3532 edoctus
590 3474 622 3530 iu
641 3475 721 3532 obss.
742 3475 817 3533 critt.
839 3493 869 3551 p.
890 3471 920 3534 9.
941 3492 987 3548 sq.
1008 3472 1158 3550 professus
1175 3480 1284 3533 estex

159 3583 294 3661 quamvis
315 3600 424 3658 magno
443 3600 544 3641 eorum
563 3599 683 3640 numero
704 3582 755 3642 vix
772 3600 912 3658 magnum
932 3584 1117 3642 commodum
1134 3581 1174 3640 ed
1191 3579 1284 3639 Plinii

160 3693 389 3752 emendatlouom
403 3691 634 3751 redundaturum
648 3709 723 3764 esse,
738 3693 797 3751 nisi
810 3692 886 3750 10110
897 3692 992 3751 codex
1001 3691 1105 3765 aliquis
1115 3691 1281 3766 detegetur,

160 3802 212 3876 qui
226 3802 331 3860 maiori
344 3801 421 3877 parti
434 3801 578 3860 naturalis
592 3802 731 3860 historiae
744 3820 809 3860 eam
824 3819 908 3878 opem
921 3801 1016 3872 ferat,
1038 3818 1126 3875 quam
1140 3798 1284 3859 Bamber-

161 3910 259 3985 geusis
278 3917 426 3968 0111101100
445 3906 521 3968 tulit.
549 3907 628 3968 Nam
642 3911 754 3988 priores
767 3909 856 3969 Plinii
869 3910 961 3969 libros
974 3910 1006 3967 iu
1020 3907 1177 3980 codicibus,
1191 3915 1283 3982 quot-

162 4025 235 4094 quot
253 4035 355 4078 001111
372 4017 575 4091 innotuerunt,
598 4020 732 4079 omnibus
746 4036 838 4096 aeque
850 4018 1006 4079 lacunosae
1025 4036 1101 4091 esse,
1123 4023 1212 4093 atque
1224 4034 1283 4092 po-

164 4126 265 4188 stremi
279 4126 398 4188 fuerunt
411 4135 478 4188 aute
492 4128 636 4188 detecmm
651 4126 912 4205 Bambergenssm,
928 4145 995 4187 oum
1009 4126 1127 4186 aliunde
1141 4126 1285 4187 coniicere
