2714 4710
448 273 519 318 ura.
534 275 584 319 111.
613 274 690 320 osa.
708 275 741 320 v.
773 273 871 321 saca.
886 276 905 318 s.
1173 260 1234 324 231

111 420 226 496 ducta;
260 419 418 505 oppidum
442 419 658 500 Laurentum,
691 422 785 486 lucus
813 419 902 486 Iovis
929 420 1103 510 Indigetis,
1132 426 1234 492 amnis
1303 471 1312 476 -

110 517 292 597 Numicius,
313 515 425 586 Ardea
446 521 593 588 aDanae
607 521 721 587 Persei
743 531 845 586 matre
868 521 1007 588 condita.
1028 521 1116 588 Dein
1129 547 1233 608 quon·
1249 546 1279 592 57

111 621 187 687 dam
199 614 444 706 Aphrodisium,
466 622 604 687 Antium
625 623 759 700 colonia,
780 617 904 687 ‘Astura
925 621 1044 688 flumen
1065 634 1098 688 et
1117 624 1232 706 insula,

109 720 230 785 fluvius
242 717 462 806 Nymphaeus,
486 719 615 788 Clostra
627 721 781 799 Romana,
806 719 926 787 Circeii
954 723 1115 806 quondam
1129 724 1235 792 insula

110 821 257 887 inmenso
282 821 414 906 quidem
439 822 519 887 mari
547 823 743 888 circumdata
776 822 829 908 (ut
849 822 991 888 creditur
1011 821 1171 913 Homero)
1202 837 1235 893 et

112 944 200 989 nune
220 921 363 1008 planitie.
397 921 519 987 Mirum
542 924 700 1008 estquod
722 923 782 988 hac
804 923 845 988 de
865 945 901 988 re
923 922 1049 989 tradere
1070 924 1235 991 hominum

109 1022 243 1089 notitiae
270 1045 452 1109 possumus.
495 1024 751 1110 Theophrastus,
789 1024 846 1109 qui
874 1024 997 1110 primus
1030 1035 1235 1092 externorum

109 1124 219 1208 aliqua
244 1123 285 1189 de
309 1123 463 1189 Romanis
493 1125 681 1214 diligentius
712 1123 840 1210 scripsit
873 1124 965 1210 (nam
991 1123 1233 1212 Theopompus,

109 1237 187 1293 ante
207 1246 305 1308 quem
324 1248 418 1293 nemo
439 1229 635 1292 mentionem
654 1225 778 1304 habuit,
803 1225 916 1291 urbem
932 1225 1099 1291 dumtaxat
1118 1225 1233 1294 51151-

109 1325 152 1393 lis
172 1335 300 1410 captam
315 1325 415 1403 dixit,
437 1318 617 1392 Clitarchus
644 1327 686 1393 ab
709 1349 746 1392 eo
761 1348 938 1412 proxumus
952 1325 1147 1413 legationem
1162 1338 1233 1393 tan-

112 1435 182 1491 tum
202 1424 245 1489 ad
264 1419 487 1492 Alexandrum
507 1426 637 1492 missam
645 1425 670 1513 z)
685 1480 727 1492 ..
748 1425 801 1491 hie
821 1425 886 1489 iam
915 1426 1100 1512 plus-quam
1114 1449 1132 1491 e
1147 1427 1235 1492 fama
1249 1451 1279 1496 55

112 1522 311 1591 Circeiorum
336 1525 459 1591 insulae
484 1537 518 1593 et
542 1549 725 1592 mensuram
752 1525 860 1611 posuit
888 1525 991 1591 stadia
1018 1526 1181 1612 octoginta
1200 1528 1235 1592 in

111 1648 151 1694 oo
178 1625 355 1706 volumine,
388 1628 477 1710 quod
508 1626 636 1713 scripsit
662 1625 823 1692 Nicodoro
856 1624 1104 1691 Atheniensium
1129 1627 1239 1716 magi-2

111 1737 226 1807 sustu,
249 1727 305 1812 qui
325 1727 390 1792 fuit
408 1728 498 1794 urbis
519 1737 647 1793 nostrae
669 1743 820 1791 ccccxx..
847 1749 940 1791 anno.
969 1723 1136 1810 Quidquid
1158 1750 1235 1814 ergo

112 1837 269 1898 tanarum
295 1838 345 1892 est
369 1839 497 1914 praeter
523 1829 642 1894 decem
661 1826 749 1891 milia
778 1848 936 1911 passuum
964 1828 1066 1912 prope
1095 1827 1235 1894 ambitus

114 1928 278 1994 adnexum
304 1929 429 1995 insulae
455 1939 531 2015 post
557 1950 631 1992 eum
659 1950 779 1993 anuum
809 1927 946 1993 accessit
970 1926 1092 1994 Italiae.
1132 1927 1235 1995 Aliud
1249 1953 1280 1996 55

110 2028 316 2097 miraculum:
340 2052 360 2093 a
375 2026 512 2095 Circeiis
531 2029 624 2114 palus
637 2026 809 2112 Pomptina
831 2038 890 2107 est,
913 2050 1009 2114 quem
1023 2029 1130 2095 loeum
1143 2049 1235 2095 xxxv
1290 2100 1294 2112 ,

110 2128 240 2194 urbium
272 2129 373 2194 inisse
398 2128 571 2194 Mucianus
604 2139 652 2192 ter
685 2128 795 2193 consul
819 2127 976 2213 prodidit;
1010 2129 1085 2194 dein
1112 2127 1233 2195 flumen

111 2229 238 2308 Ufens,
251 2252 362 2317 *supra
389 2231 476 2314 qnod
502 2230 677 2295 Tarracina
711 2229 880 2314 oppidum,
909 2229 1023 2318 lingua
1043 2229 1235 2296 Volscorum

110 2331 229 2395 Anxur
250 2331 372 2396 dictum
394 2341 427 2397 et
452 2332 509 2397 ubi
530 2332 620 2396 inere
648 2331 806 2414 Amyclae
829 2354 849 2394 a
870 2330 1073 2415 serpentibus
1095 2331 1231 2409 deletae,
1264 2413 1268 2420 ¹

111 2429 187 2497 dein
206 2432 296 2497 locus
320 2428 511 2516 Speluncae,
534 2431 624 2496 lacus
641 2428 829 2506 Fundanus,
858 2426 973 2494 Caieta
992 2437 1114 2514 portus,
1138 2430 1232 2516 oppi-

111 2533 188 2598 dum
214 2531 365 2598 Formiae
390 2531 544 2598 Hormiae
575 2530 714 2609 dietum,
747 2542 785 2595 ut
818 2530 1069 2609 existumavere,
1102 2533 1235 2617 antiqua

146 2738 219 2800 558.
246 2739 296 2788 iam
312 2747 334 2788 et
347 2736 413 2804 plus,
425 2753 451 2800 p.
477 2777 509 2786 ..
536 2751 555 2796 5,
572 2736 686 2786 Nitasch.
703 2736 737 2784 ad
752 2734 831 2784 Hom.
848 2733 938 2798 Odyss.
957 2741 1068 2798 10,135.
1083 2753 1109 2802 p.
1124 2745 1180 2790 110.
1203 2748 1233 2803 et,

111 2802 322 2871 1555555...
351 2802 510 2865 Cerceiorum,
527 2796 612 2853 Aeo.
636 2843 668 2852 ..
691 2810 719 2862 et,
735 2802 818 2852 Rhe.
841 2801 930 2853 Omitt.
951 2798 1002 2868 βγ.
1025 2805 1234 2868 Theophrastum

111 2872 209 2925 Plinius
221 2874 258 2923 ait
272 2887 326 2922 non
337 2875 413 2923 modo
428 2871 540 2922 Circeios
555 2871 665 2920 insulam
677 2883 896 2930 commemorasse,
908 2885 995 2919 verum
1007 2878 1033 2920 et
1043 2873 1167 2922 ambitum
1179 2876 1233 2923 eius

112 2941 214 3002 dixisse,
234 2942 302 2990 unde
324 2947 436 3002 apparet,
451 2939 543 2988 notitia
563 2952 646 2986 rernm
665 2936 813 2987 Italicarum
828 2942 952 2998 quantum
972 2950 1105 2998 progressa
1121 2938 1198 2988 inerit
1218 2957 1235 2990 a

112 3008 282 3072 Theopompo
294 3014 321 3057 et
332 3007 462 3058 Clitarcho
475 3008 508 3055 ad
519 3005 733 3132 Theophrastum.
744 3043 775 3050 -
784 2998 916 3063 Nicodoro,
928 3002 962 3051 A.
975 2998 1189 3068 Illioodero,de.
1200 3046 1232 3056 -

111 3074 268 3142 5559155515,
279 3075 303 3124 d.
325 3072 582 3137 5551555751,Ι1Αρ
612 3084 636 3135 γ.
654 3070 714 3119 Vid.
731 3071 761 3119 de
773 3070 800 3118 h.
816 3069 834 3117 l.
861 3069 969 3118 Casaub.
982 3071 1015 3118 ad
1026 3069 1159 3132 Theophr.
1172 3073 1233 3122 cha·

111 3151 173 3193 raet.
185 3157 210 3205 p.
224 3147 263 3192 15.
281 3143 320 3191 ed.
336 3142 448 3191 Fischer.
473 3139 591 3190 Schneid.
609 3140 641 3187 ad
652 3137 784 3198 Theophr.
800 3136 879 3198 lapid.
896 3140 935 3184 59.
948 3151 973 3200 p.
991 3142 1048 3186 585.
1068 3136 1189 3188 Ceterum
1200 3154 1234 3189 ex

111 3209 153 3261 his
163 3210 245 3260 verbis
263 3209 436 3271 colligendum
445 3208 544 3256 videtur
560 3219 622 3266 esse,
638 3211 772 3266 utrumque
784 3202 958 3266 Theophrasti
970 3219 1043 3268 opus,
1060 3212 1085 3256 et
1100 3207 1234 3257 historiam
1279 3213 1281 3217 ’

111 3276 257 3339 plantarum
269 3283 295 3325 et
305 3278 336 3326 de
348 3276 430 3325 555515
441 3275 594 3338 plantarum,
605 3287 621 3321 5
631 3271 716 3322 Plinio
727 3285 807 3320 unum
818 3271 935 3320 habitum
946 3271 1038 3335 fuisse3
1050 3289 1111 3323 nam
1120 3273 1233 3325 Circeios

111 3344 306 3406 Theophrastus
318 3341 526 3393 commemoravit
536 3342 563 3390 in
579 3340 625 3388 illo
642 3353 725 3402 opere,
736 3337 894 3388 Nioodorum
910 3340 1060 3391 archontem
1075 3342 1103 3391 in
1114 3343 1165 3392 hoc'
1176 3351 1232 3392 tan·

112 3417 167 3461 tum
183 3408 217 3472 (I.
232 3416 271 3472 19,
285 3416 307 3460 5.
319 3426 344 3475 p.
358 3407 429 3472 877.)
441 3423 523 3472 neque
534 3409 562 3457 in
576 3408 630 3457 1115.
655 3406 711 3457 Nisi
722 3404 789 3456 forte
800 3406 899 3457 Plinius
915 3409 1033 3458 notitiam
1045 3425 1118 3458 suem
1130 3409 1232 3459 515511-

111 3479 159 3528 bns
171 3479 223 3527 iam
234 3479 368 3540 deperditis
379 3478 473 3527 hausit.
484 3516 517 3525 ..
531 3470 681 3535 OCCOXL,
694 3473 801 3525 Oesaub.
812 3474 870 3525 BA
878 3465 978 3540 Opo.
993 3471 1148 3539 OCGOLX,
1156 3472 1185 3538 β.
1198 3517 1230 3526 .-

112 3559 170 3609 5555
186 3550 309 3594 terrarum
325 3553 369 3606 est,
385 3545 470 3608 unp.
496 3551 533 3593 ast
544 3558 600 3606 erqo
615 3551 745 3602 terrerum,
757 3537 829 3616 ᾶβχ.
847 3582 879 3591 ..
894 3558 980 3610 prope,
996 3545 1020 3594 d.
1038 3542 1185 3609 propinqui,
1198 3545 1231 3593 K.

113 3611 202 3662 Omitt
213 3613 297 3675 RAp.
316 3651 348 3661 ..
367 3627 489 3672 55555555,
500 3613 532 3661 R.
551 3625 675 3670 55555555,
686 3624 712 3672 p.

145 3677 161 3739 5
174 3684 214 3728 59.
231 3676 311 3729 Aliud
321 3676 478 3740 miraculum
490 3678 555 3727 15555
566 3677 730 3740 suppositicia
741 3677 820 3727 habet
829 3677 908 3728 Hard.
927 3714 959 3726 ..
976 3694 994 3726 5
1008 3671 1111 3725 Circeiis
1123 3716 1155 3724 ..
1169 3679 1232 3727 5551-
1287 3686 1294 3696 ’

111 3753 186 3795 tatem
198 3746 280 3796 omitt.
293 3747 345 3795 Td.
364 3786 396 3794 -
412 3744 533 3806 Pomtinis,
545 3746 578 3795 A.
593 3759 672 3809 pana,
684 3744 716 3794 R.
735 3785 766 3792 -
784 3741 898 3804 XXIV,
917 3743 1001 3793 aaa.
1019 3741 1168 3805 XXXIII,
1180 3737 1231 3809 Θγ.

111 3811 231 3873 XXIII,
242 3807 271 3873 β.
284 3853 316 3862 ..
339 3810 421 3874 ilsena
432 3813 482 3862 rid.
494 3813 590 3875 Vergil.
601 3813 668 3862 Aen
683 3814 705 3872 7,
717 3818 777 3862 802.
797 3808 918 3869 Uventum,
932 3804 960 3858 θ.
977 3809 1118 3873 Aestatem,
1129 3811 1231 3861 ΒΑ...

116 3877 263 3940 Tarracina,
280 3879 365 3930 aaa.
396 3878 545 3938 Terracina,
562 3881 641 3930 Hard.
658 3892 682 3940 r.
701 3917 733 3927 .-
757 3876 879 3927 calcorum
896 3874 987 3939 115555,
1003 3877 1035 3927 R.
1060 3916 1091 3925 ..
1114 3874 1229 3940 Andura,

111 3947 144 3998 R
163 3956 218 3996 ..ct
230 3947 352 4010 edissere
362 3945 489 4011 Amyclae,
502 3949 575 3997 codd.
588 3947 677 3996 Gelan.
696 3954 719 3993 et
729 3942 852 4005 uhisuera
863 3941 958 3992 Amicis
968 3939 1022 3993 sive
1031 3941 1146 4006 Amase,
1157 3945 1190 3994 R.
1208 3954 1232 3996 et

112 4013 233 4077 sciscere
243 4012 343 4077 Amycle
358 4013 413 4065 sive
428 4011 552 4078 Anamis,
567 4014 600 4064 a
620 4052 651 4062 ..
670 4007 737 4061 toea
753 4006 895 4076 85515555
911 4011 961 4061 vic.
980 4011 1094 4062 ennena
1111 4014 1144 4062 aa
1161 4013 1230 4062 Suet·

112 4081 169 4130 Tib.
186 4087 228 4132 99.
246 4078 381 4145 Speluncae
399 4096 450 4131 om.
467 4081 499 4132 B.
518 4121 550 4130 ..
568 4077 758 4141 1555555511.
777 4117 809 4124 -
827 4074 976 4140 Fundanus,
992 4079 1048 4130 BA
1064 4075 1151 4140 (codd.
1167 4080 1230 4131 Bar·

112 4144 527 4210 antecommissorum
546 4154 578 4197 ’-
600 4143 698 4207 Gaiam,
714 4143 747 4196 A.
768 4185 799 4194 ..
817 4141 944 4207 Hormiae,
959 4146 994 4196 Δ.
1013 4146 1070 4198 055.
1087 4147 1119 4201 a
1137 4187 1169 4198 ..
1192 4145 1230 4196 di-

113 4224 182 4278 5555,
199 4216 255 4266 115
270 4210 355 4278 (codd
373 4214 475 4279 Gelon.)
494 4214 567 4281 prius
584 4212 641 4269 olim
657 4213 752 4275 dsistam,
771 4213 850 4264 Hsrd.
867 4227 881 4262 5
899 4214 972 4264 codd.
983 4227 1009 4279 r.
