2714 4710
523 311 712 357 enanrsnto.
1109 315 1176 360 XLV

51 482 90 524 ue
104 463 231 524 iacerem
245 468 275 522 et
289 470 396 543 natura
409 471 439 522 et
452 464 609 524 multitudo
623 465 729 524 harum
745 465 876 524 sordium
890 464 1049 543 impedivit.
1071 467 1177 544 Neque

51 571 140 632 fateri
154 572 267 645 dubito,
286 573 335 632 vel
350 573 375 631 si
386 591 479 632 unum
493 573 655 635 alterumve
669 592 775 632 nomen
788 573 911 633 alicuius
925 574 1044 648 herbae,
1059 575 1176 654 lapidis,

51 681 187 740 animalis
208 699 247 740 ex
264 680 421 740 Vincentio
440 682 554 741 restitui
571 699 657 759 posse
681 681 844 756 scivissem,
869 690 968 743 temen
992 691 1089 743 totum
1113 686 1177 745 eius

52 806 129 866 opus
154 807 202 849 me
225 808 286 849 non
310 798 516 866 excerptorum
537 789 646 864 inisse,
671 809 740 849 cum
760 791 817 851 hoc
833 792 949 851 lucrum
974 801 1178 871 comparatum

53 917 122 957 cum
138 880 251 976 ingenti
269 897 370 958 labore
388 899 473 958 nimis
492 899 641 959 videretur
661 900 802 976 exiguum
821 908 851 960 et
869 901 929 960 otio
948 899 1019 960 mihi
1038 919 1178 961 muccoso

53 1008 160 1066 melius
173 1008 354 1084 parcendum
369 1016 457 1067 esset.
483 1008 528 1066 At
546 1007 699 1084 multiplici
717 1010 898 1085 experientia
910 1011 1031 1071 edoctus
1046 1011 1178 1070 animad-

54 1125 215 1188 verteram,
236 1135 314 1192 quae
333 1117 416 1175 verbi
436 1135 525 1175 causa
539 1114 716 1177 Schneidero
732 1114 843 1177 Saxoni
860 1135 938 1179 nova
955 1119 1084 1195 itemque
1099 1121 1179 1180 bona

55 1226 135 1303 apud
154 1224 343 1284 vincentium
362 1224 547 1298 videbantur,
576 1244 611 1284 ea
631 1226 729 1285 omnia
745 1226 777 1284 in
795 1227 871 1286 meis
891 1228 1037 1288 codinbus
1057 1230 1179 1307 reperiri

55 1334 105 1394 vel
125 1342 205 1394 certe
224 1334 365 1393 facillima
385 1341 413 1392 et
432 1334 593 1392 certissima
612 1334 777 1394 coniectura
795 1354 833 1393 ex
846 1335 910 1394 aliis
924 1337 1114 1413 scriptoribus
1127 1355 1178 1398 ve·

54 1443 156 1514 tustis,
168 1443 224 1501 nisi
237 1443 348 1501 dudum
361 1446 430 1501 sunt
444 1443 606 1515 emendata,
622 1443 770 1502 emendari
783 1427 881 1520 posse.

97 1552 201 1611 Pauca
215 1551 339 1626 denique
352 1551 489 1609 addenda
502 1559 571 1610 sunt
589 1552 626 1609 de
646 1571 679 1610 re
697 1553 825 1626 quedam
843 1571 986 1629 perquam
1005 1553 1132 1613 mirabili
1149 1560 1180 1612 et

55 1663 95 1721 ad
118 1660 428 1738 cognoscendamque
451 1657 567 1717 Plinius
591 1660 686 1716 medio
710 1677 784 1718 aevo
809 1661 950 1735 gauderet
974 1662 1180 1719 summitatem
1283 1730 1286 1734 Α

56 1769 131 1828 utili.
164 1769 359 1829 Inveniuntur
379 1767 491 1826 scilicet
514 1766 596 1843 'apud
617 1767 773 1825 nonnullos
796 1767 878 1826 illius
899 1769 1004 1828 aetat-is
1023 1768 1181 1844 scriptores

56 1877 123 1950 loci,
145 1878 251 1952 qmbu's
264 1877 311 1935 illi
323 1874 415 1934 Plinii
429 1876 594 1935 testimonio
607 1876 728 1934 laudato
747 1876 900 1936 veritatem
918 1877 1094 1936 narrationis
1109 1895 1181 1937 suae

57 1987 248 2064 comprobare
261 1987 389 2044 student.
411 1984 472 2043 Eos
488 1985 514 2043 si
527 1986 605 2061 apud
623 1985 722 2062 ipsum
734 1978 867 2044 Plinium
886 1986 1014 2061 quaeris,
1033 2005 1181 2064 nusquam

58 2096 198 2173 reperies.
223 2094 291 2154 Hos
311 2093 393 2153 locos
412 2112 480 2153 cum
498 2111 552 2170 ego
566 2094 692 2171 primum
705 2096 899 2172 inspexissem
913 2104 943 2154 et
956 2095 1035 2172 apud
1048 2093 1181 2154 Plinium

57 2205 172 2265 musmo
202 2203 431 2279 quaesivissem,
464 2203 591 2279 suspicio
616 2203 687 2261 milri
716 2204 904 2263 oboriebatur
932 2206 1089 2282 scriptores
1112 2205 1181 2264 illos

56 2314 188 2390 pleniore
201 2330 291 2388 quam
304 2331 359 2371 nos
374 2313 473 2370 codice
491 2329 561 2371 usos
580 2311 682 2382 fuisse,
703 2313 758 2369 tali
778 2311 849 2384 iere,
869 2313 966 2389 qualis
980 2320 1026 2371 est
1038 2313 1181 2373 Bamber·

57 2423 173 2498 gensis3
192 2440 264 2479 mox
277 2426 375 2479 tamen
389 2439 454 2479 eam
468 2419 569 2491 abieci,
590 2438 657 2477 cum
675 2419 706 2478 iu
723 2419 784 2477 illis
797 2419 869 2478 locis
884 2439 901 2477 e
914 2419 1013 2478 Plinio
1026 2431 1181 2497 personato

57 2531 184 2589 laudetis
198 2529 353 2604 aliquoties
373 2529 422 2588 vel
442 2529 516 2586 liber
529 2527 699 2587 XXXVII.
713 2546 792 2586 nunc
806 2547 823 2585 e
835 2528 1048 2604 Bambergensi
1060 2530 1181 2607 supple-

57 2646 107 2697 tus
122 2647 288 2698 occurreret
299 2631 345 2718 (v.
358 2636 496 2697 Servium
507 2638 544 2695 ad
554 2637 647 2713 Verg.
658 2637 735 2694 Aen.
748 2633 778 2708 8,
790 2631 863 2696 401.
879 2637 946 2696 coll.
960 2637 1039 2698 Plin.
1050 2633 1102 2713 37,
1113 2635 1180 2711 30.;

58 2749 97 2806 ad
110 2744 143 2821 4,
159 2743 232 2807 261.
255 2747 323 2805 coll.
345 2748 424 2805 Plin.
444 2741 601 2818 37,115.;
622 2746 660 2804 ad
682 2741 800 2818 l,174.
829 2747 896 2806 coll.
916 2742 1180 2830 Plin.37,139.),

58 2865 102 2930 ut,
123 2857 150 2916 si
168 2874 241 2917 vora
254 2863 353 2914 essent
366 2855 418 2912 illa
432 2855 606 2927 testimonia,
629 2855 774 2932 pleniores
788 2856 862 2914 adeo
877 2873 966 2930 quam
979 2855 1182 2931 Bambcrgen-

59 2982 123 3023 sem
140 2965 254 3024 codices
276 2964 420 3022 exstitisse
440 2964 617 3041 credendum
636 2970 723 3022 esset.
750 2963 864 3021 Deinde
885 2963 1044 3035 crederem,
1065 2964 1091 3020 si
1103 2964 1184 3039 apud

59 3092 152 3133 unum
170 3073 298 3148 aliquem
317 3073 488 3148 scriptorem
506 3073 551 3130 illi
569 3073 628 3130 loci
646 3072 857 3130 invenirentur.
889 3071 933 3128 At
958 3088 1025 3128 cum
1043 3071 1109 3147 ipse
1127 3088 1183 3147 ego

60 3189 200 3259 quattuor
213 3183 320 3254 norim,
342 3183 394 3257 qui
407 3181 498 3240 Plinii
517 3180 721 3239 anctoritatem
734 3178 810 3237 falso
824 3197 895 3255 prae
908 3197 940 3238 se
953 3178 1062 3251 ierunt,
1082 3181 1183 3256 plures

60 3291 187 3351 fortasse
206 3291 364 3367 aliquando
383 3288 588 3359 inveniantur3
616 3307 705 3366 porro
725 3307 793 3347 cum
812 3289 861 3347 vel
880 3289 1071 3348 recentissimi
1088 3309 1183 3366 neque

61 3419 177 3479 semper
197 3401 365 3476 gravissimi
385 3400 499 3459 mediae
520 3399 626 3457 aetatis
647 3397 802 3475 scriptores
823 3417 912 3476 opera
931 3417 985 3458 sua
1008 3400 1183 3459 testimoniis

59 3509 152 3568 Plinii
177 3510 362 3582 exornarint,
385 3509 437 3567 ubi
462 3526 604 3585 perquam
626 3508 732 3566 mirum
753 3516 798 3566 est
822 3526 923 3566 omncs
943 3508 1011 3571 illos
1036 3508 1182 3584 pleniores

61 3620 176 3679 codices
194 3625 257 3676 tam
277 3618 334 3676 cito
352 3618 483 3694 periisse,
505 3624 540 3675 ut
559 3635 660 3675 eorum
678 3622 795 3692 praeter
807 3615 1054 3691 Bambergensem
1068 3616 1183 3675 nullum

63 3728 190 3805 amplius
205 3731 300 3785 exstet
313 3727 480 3802 vestigium,
491 3745 570 3785 nunc
582 3727 653 3784 mihi
666 3727 827 3785 certissime
841 3743 1015 3802 persuasum
1029 3730 1076 3783 est
1087 3725 1184 3784 levem

64 3835 190 3913 aliquam
211 3835 346 3894 fraudem
363 3835 484 3893 illorum
504 3834 655 3894 homiuum
673 3835 721 3892 hic
740 3834 955 3908 agnoscendam
974 3851 1050 3906 esse,
1070 3835 1131 3909 qui,
1149 3842 1184 3892 ut

65 3945 280 4004 narrationibus
294 3943 355 4002 suis
369 3943 457 4000 fidem
471 3942 611 4014 iacerent,
632 3942 721 4000 Plinii
733 3959 841 4000 nomen
854 3943 1079 4020 adscripserunt,
1100 3943 1183 4003 cuius

67 4054 206 4113 naturalis
219 4052 340 4111 historia
353 4070 408 4128 per
428 4058 521 4109 totam
538 4051 664 4110 mediam
685 4057 809 4110 aetatem
828 4059 862 4110 ut
880 4050 947 4111 fons
967 4052 1060 4110 omnis
1080 4055 1183 4112 huma·

70 4178 119 4222 nae
133 4164 269 4225 scientiae
285 4169 315 4220 et
327 4162 551 4240 eusyclopaedia
570 4161 746 4221 universalis
767 4161 797 4219 iu
818 4179 932 4220 summo
951 4161 1062 4222 honore
1081 4161 1183 4220 habita
