2714 4710
160 299 219 362 118
506 310 710 357 seruulus
732 307 927 355 meromsn

199 463 281 529 ΧΠ
319 465 350 528 9.
379 462 424 526 Et
451 462 607 527 rationem
631 461 762 544 quidem
789 458 1132 541 delectus.utrinsque
1152 458 1278 544 primns
1292 479 1320 524 ss

158 563 295 630 Romani
317 563 446 653 generis
466 563 500 626 in
520 563 651 648 volgum
672 561 787 628 extulit
801 558 964 646 Sulpicius
978 555 1104 637 Gallus,
1127 558 1185 643 qui
1199 578 1277 626 con-

160 667 300 734 sulcum
312 663 427 730 Marco
440 662 594 729 Marcello
616 663 680 726 fuit
700 662 759 727 sed
778 676 848 726 tum
869 659 1016 725 tribunus
1036 659 1191 738 militum,
1212 662 1277 727 sol·

157 766 325 834 licitudine
347 764 491 829 exercitu
511 763 657 841 liberato,
679 763 784 849 pridie
806 784 902 846 qnam
922 759 1041 826 Perses
1060 782 1120 825 rex
1140 782 1277 848 supera·

159 877 212 932 tus
232 889 253 929 a
271 864 375 931 Paulo
404 876 454 931 est
482 864 516 927 in
545 864 730 929 concionem
755 864 797 928 ab
822 863 1004 948 inperatore
1029 860 1209 946 productus
1234 863 1278 928 ad

157 965 405 1052 praedicendam
427 964 582 1050 eclipsim,
620 987 697 1029 mox
723 974 756 1029 et
783 962 948 1049 conposito
967 961 1138 1028 volumine.
1175 960 1279 1050 Apud

159 1061 302 1131 Graecos
322 1077 432 1130 autem
451 1065 658 1153 investigavit
677 1065 801 1150 primns
826 1064 968 1129 omniurn
987 1063 1106 1130 Thales
1126 1062 1278 1132 Milesius

157 1166 351 1252 olympiadis
371 1189 486 1231 xnvm.
508 1188 591 1230 anno
614 1176 748 1249 quarto,
776 1164 943 1249 praedicto
964 1164 1039 1230 solis
1063 1163 1196 1230 defectu
1220 1165 1278 1249 qui

157 1266 293 1352 Alyatte
314 1289 392 1356 rege
415 1267 522 1332 factus
543 1277 593 1331 est
613 1266 703 1331 urbis
725 1265 873 1331 conditae
894 1287 977 1331 anno
999 1281 1107 1330 chx.
1126 1262 1209 1330 Post
1222 1286 1279 1330 eos
1291 1285 1319 1329 se

158 1367 327 1452 utriusque
349 1368 463 1433 sideris
485 1390 615 1432 cursum
635 1367 670 1430 in
691 1376 860 1431 sexcentos
878 1389 978 1430 annos
992 1361 1174 1451 praecinuit
1189 1364 1278 1452 Hip-

158 1469 309 1554 parchus,
331 1491 459 1534 menses
479 1468 626 1556 gentium
646 1467 780 1552 diesque
802 1477 836 1532 et
854 1467 952 1533 horas
971 1490 1010 1532 ao
1032 1467 1113 1532 situs
1133 1466 1279 1533 locorum

159 1580 194 1635 et
214 1569 302 1634 visus
322 1572 514 1656 populorum
534 1569 730 1655 conplexus,
759 1589 839 1633 aevo
864 1578 969 1646 teste,
998 1568 1077 1632 haut
1098 1566 1161 1633 alio
1181 1567 1279 1632 modu

160 1693 260 1755 quam
280 1671 484 1737 consiliorum
503 1681 638 1734 naturae
658 1669 839 1754 particeps:
864 1668 926 1732 viri
946 1668 1094 1754 ingentes
1115 1688 1279 1753 supraque

159 1773 342 1838 mortalium
363 1783 511 1836 naturam
522 1819 532 1850 ,
562 1781 722 1835 tantorum
741 1769 909 1833 numinum
929 1769 1003 1856 lege
1024 1767 1225 1854 deprehensa
1246 1780 1280 1835 et

134 1871 278 1936 misera
297 1871 462 1936 hominum
485 1884 594 1936 mente
615 1872 779 1956 apsoluta,
806 1870 841 1934 in
862 1869 1049 1935 defectibus
1074 1868 1196 1934 scelera
1222 1880 1279 1934 aut

159 1981 296 2035 mortem
317 1971 456 2055 aliquam
477 1970 617 2036 siderum
638 1981 798 2057 pavente,
828 1994 892 2056 quo
913 1970 948 2035 in
967 1979 1056 2036 metu
1077 1969 1179 2036 fuisse
1200 1967 1278 2036 Ste-

162 2071 280 2136 sichori
309 2082 342 2136 et
366 2070 499 2134 Pindari
527 2082 639 2136 vatum
667 2072 815 2138 sublimia
842 2095 899 2139 cra
925 2072 1033 2158 palam
1060 2080 1112 2137 est
1136 2071 1280 2156 deliquio

163 2170 250 2251 solis,
272 2182 305 2236 at
326 2171 360 2235 in
380 2173 457 2237 luna
479 2171 634 2237 veneficia
652 2182 809 2260 arguente
823 2173 1015 2239 mortalitate
1036 2182 1068 2238 et
1088 2171 1130 2238 ob
1150 2171 1187 2236 id
1207 2195 1279 2238 cre-

160 2272 233 2358 pitu
255 2273 383 2338 dissono
405 2271 590 2339 auxiliante.
628 2271 704 2354 Quo
732 2295 850 2360 pavore
878 2275 1011 2362 ignarus
1032 2295 1148 2339 causae
1167 2271 1280 2340 Nicias
1292 2291 1322 2336 ee

161 2374 411 2439 Atheniensium
438 2374 599 2459 inperator
625 2374 746 2440 veritus
772 2375 905 2440 classem
925 2385 1021 2461 portu
1041 2374 1180 2440 educere
1200 2396 1280 2462 opes

161 2497 272 2541 eorum
293 2474 426 2540 adflixit.
457 2474 560 2541 Macti
580 2476 709 2564 ingenio
732 2487 816 2554 este,
839 2477 921 2542 caeli
941 2475 1133 2561 interpretes
1153 2497 1279 2541 rerum-

162 2598 226 2661 que
246 2586 381 2640 naturae
403 2597 537 2661 capaces
559 2575 740 2664 argumenti
760 2587 961 2663 repertores,
990 2598 1053 2660 quo
1074 2575 1153 2641 deos
1172 2577 1279 2642 homi-

158 2697 282 2758 nesque
311 2674 450 2772 vicistisl
489 2673 574 2757 Quis
596 2676 681 2741 enim
701 2677 783 2742 haec
804 2700 937 2743 cernens
960 2687 993 2742 ct
1014 2686 1114 2743 statos
1136 2677 1279 2743 siderum

194 2849 209 2911 ξ
223 2854 261 2898 53.
281 2847 386 2914 vulpam,
398 2849 464 2898 Rad
475 2844 604 2909 (Oudend.
617 2853 650 2899 ad
661 2851 758 2914 Appul.
769 2853 874 2901 Metam
891 2867 916 2915 p.
934 2857 990 2901 118.
1008 2866 1022 2900 e
1038 2849 1126 2913 codd.)
1147 2850 1245 2912 camus,
1257 2850 1279 2900 Ρ

160 2909 344 2979 (Robertfflr.
354 2953 385 2964 .-
399 2913 574 2978 Marcoman.
586 2915 633 2977 M,
642 2918 672 2967 P.
686 2918 774 2968 Omitt.
783 2914 874 2983 βγ...
884 2919 947 2979 et,P.
955 2959 986 2966 ..
998 2919 1119 2977 cum,RP.
1133 2958 1166 2966 -
1178 2917 1279 2976 Perses,

159 2985 237 3035 RPd.
255 2983 371 3045 Perseus,
382 2979 452 3048 asty.
475 3026 507 3034 -
525 2992 570 3045 est,
583 3000 633 3034 om.
645 2987 675 3035 P.
693 3027 725 3034 ..
742 2987 878 3044 communem,
894 2988 926 3036 R
949 2983 1071 3046 concione,
1085 2986 1116 3035 P.
1133 3025 1166 3034 ..
1180 2987 1279 3050 praeca

160 3052 272 3112 mendam,
284 3052 339 3100 Κσ.
353 3091 385 3100 -
398 3050 513 3117 eclipsim,
524 3054 575 3105 Pa
588 3053 694 3118 eclhpsim
706 3054 760 3103 Re.
774 3094 805 3101 -
818 3071 855 3114 cr,
867 3054 919 3103 Td.
933 3093 965 3103 ..
977 3061 1056 3103 cutem
1071 3049 1192 3114 Graecos,
1203 3051 1233 3102 P.
1247 3091 1278 3102 .-

160 3118 302 3232 olpmpinde
317 3120 342 3168 R
363 3115 389 3179 (e
405 3135 437 3168 cx
455 3119 533 3183 corr.)
552 3119 779 3202 7XL1X711,
797 3120 912 3183 Scaliger
927 3122 958 3170 de
975 3122 1071 3169 emend.
1093 3128 1171 3183 temp.
1185 3135 1210 3184 p.
1221 3124 1279 3170 889.

159 3199 210 3300 {tf
219 3180 1170 3320 fitted}tfflttttttlttttztlt‘fflllelfi{Patella}
1180 3196 1279 3305 iffi

160 3317 306 3365 ctTumebi
318 3319 374 3364 adv.
388 3323 427 3377 18,
445 3319 499 3381 24.)
512 3325 557 3370 sab
573 3323 678 3384 Alyatte,
691 3325 721 3372 ‹12
737 3320 888 3385 (Richclet.)
910 3325 955 3372 sub
966 3319 1077 3382 Alarico,
1088 3322 1119 3372 P.
1137 3361 1171 3370 ..
1191 3317 1279 3381 CXX,

159 3383 252 3433 RPad
264 3378 390 3459 (Richel.)
412 3381 493 3445 CLX,
505 3387 532 3434 h.
554 3384 697 3449 CLXXX,
715 3383 761 3438 Or.
779 3390 838 3439 Vid.
855 3389 945 3439 Idcler.
962 3389 1076 3438 chronol.
1087 3389 1169 3438 math.
1183 3394 1207 3450 11,
1221 3394 1278 3439 166.

194 3450 263 3512 §54
281 3465 340 3504 erus,
350 3450 380 3498 P.
392 3489 422 3496 -
436 3465 541 3511 cursum,
553 3453 639 3501 Pacu
658 3454 746 3504 Omitt.
762 3457 830 3506 Rut
848 3497 880 3505 ..
898 3464 1018 3517 sexcenta,
1029 3457 1059 3505 P.
1077 3496 1109 3504 ..
1128 3469 1215 3518 anuos,
1228 3470 1277 3504 om.

159 3516 190 3566 P.
208 3555 240 3564 -
257 3515 385 3578 praecinit,
397 3517 440 3564 ad.
460 3518 654 3580 prceci.nit,R'.
673 3524 831 3585 praececinit,
843 3525 912 3574 3²1³.
932 3564 964 3571 -
986 3530 1010 3572 et
1022 3523 1090 3583 situs,
1102 3524 1127 3572 d.
1146 3561 1179 3570 -
1203 3523 1279 3583 uuus,

160 3582 269 3634 Rusm
277 3599 296 3632 r.
325 3583 397 3642 omos,
418 3583 495 3632 Ps²d
515 3580 561 3644 (ex
580 3586 658 3649 corr.)
677 3584 706 3649 β.
725 3630 757 3638 ..
776 3590 869 3654 iugens,
890 3592 915 3640 R
935 3587 981 3650 (ex
1001 3588 1076 3651 corr.)
1090 3589 1278 3650 „mortalium

160 3652 260 3702 RPad.
278 3649 398 3708 mortalia,
411 3650 459 3698 Tr.
479 3690 510 3698 -
528 3660 645 3715 amaram,
658 3657 757 3706 RPad.
776 3667 875 3717 namra,
887 3673 911 3707 σ.
925 3657 1013 3708 Omitt
1026 3659 1074 3706 Tr.
1093 3697 1125 3706 ,.
1144 3657 1278 3717 camimum,

160 3732 211 3767 om.
227 3731 251 3767 σ.
275 3757 307 3766 ..
329 3717 422 3777 misere,
438 3717 484 3764 Rt
509 3757 540 3766 -
563 3719 672 3784 insolmc,
688 3725 733 3774 Rl.
758 3765 789 3773 ..
813 3723 956 3789 deseculms,
972 3724 1123 3776 RSTPad
1146 3724 1280 3790 Matutae

160 3782 296 3845 stellarum,
307 3779 336 3846 β.
356 3824 387 3832 ..
405 3784 505 3845 scelera,
517 3786 542 3834 R
554 3783 593 3848 (in
605 3802 656 3850 quo
668 3793 864 3854 suprascriptum
877 3790 1016 3852 stellarum)
1028 3794 1074 3842 ad.
1086 3791 1184 3853 sceleri,
1196 3791 1227 3842 Ρ.
1245 3830 1278 3839 -

161 3859 211 3911 aut,
232 3852 256 3899 d.
282 3859 314 3912 at,
333 3844 454 3902 RPOar.
474 3893 505 3900 ..
519 3862 635 3917 pavente,
651 3856 754 3906 Barbar.
771 3860 844 3909 Rad.
863 3868 991 3922 paventes,
1008 3861 1059 3909 Po.
1078 3899 1111 3908 -
1134 3873 1190 3920 quo,
1205 3858 1278 3911 Pad.

163 3917 233 3979 qaod,
245 3919 277 3967 R.
292 3934 350 3980 qua,
362 3935 381 3967 r.
395 3958 427 3967 ..
439 3928 509 3980 metu,
520 3922 545 3972 R
556 3919 601 3983 (ad
612 3920 707 3986 marg.)
719 3926 743 3972 d.
761 3939 850 3983 mense,
862 3928 914 3976 Ra.
932 3936 1013 3987 mente,
1025 3927 1073 3976 Pr.
1088 3966 1120 3975 ..
1139 3923 1281 3977 Stesichori

162 3993 185 4032 et
194 3983 312 4045 Pindari,
324 3986 373 4035 vid
384 3987 515 4037 Plutarch.
528 3991 559 4039 de
570 3988 635 4039 facie
645 3992 673 4039 in
685 3993 738 4040 orb.
751 3988 803 4040 lun.
818 3997 857 4041 19.
869 4008 893 4056 p.
906 3999 964 4042 sal.
981 3994 1085 4043 Pindari
1102 3994 1180 4043 verba
1195 4007 1277 4044 serva·

161 4050 199 4099 vit
218 4053 325 4116 Dionys
342 4053 426 4103 Halic.
447 4057 477 4104 de
488 4057 623 4106 Demosth.
644 4058 732 4120 gravit.
754 4059 801 4107 dic.
818 4074 843 4121 p.
857 4061 913 4109 167.
927 4056 1029 4124 (fragm.
1041 4061 1115 4111 Pind.
1127 4061 1189 4114 VII.
1202 4067 1226 4111 4.
1238 4061 1277 4110 ed

160 4115 291 4193 lioeckh.)
311 4161 341 4168 -
360 4119 466 4182 sublimi,
479 4124 503 4173 R
515 4121 546 4183 (a
557 4140 602 4173 ora
618 4125 731 4174 additum
748 4127 780 4174 ab
796 4127 840 4175 alt.
857 4124 956 4188 manu.)
971 4127 1083 4189 sublima,
1100 4142 1125 4178 σ.
1144 4167 1177 4178 ..
1196 4125 1228 4176 ds
1238 4141 1277 4178 re·

162 4179 238 4247 leque,
250 4187 279 4235 P.
299 4228 330 4235 ..
349 4196 377 4236 at
391 4188 423 4249 ia,
441 4192 485 4238 ad.
510 4200 538 4249 et,
556 4190 585 4239 P.
604 4191 646 4253 cd,
658 4193 682 4242 R
699 4188 731 4253 (d
742 4207 774 4241 cx
787 4190 862 4253 corr.)
882 4203 963 4254 auur.
983 4203 1006 4245 et
1018 4195 1050 4256 in,
1062 4192 1091 4257 β.
1112 4237 1143 4244 -
1162 4194 1246 4256 lunae,
1257 4211 1276 4245 r.

10 4286 14 4295 .
109 4268 111 4273 ¹
195 4253 262 4314 §55.
278 4263 383 4318 partem,
404 4258 439 4304 at
463 4266 545 4319 parte,
568 4258 611 4306 R'.
632 4299 662 4306 -
681 4260 785 4321 ignarus
805 4261 920 4322 remittas,
941 4263 970 4311 P.
995 4303 1025 4310 ..
1049 4261 1183 4325 seducere,
1203 4279 1227 4313 a.
1246 4302 1276 4311 -
