2714 4710
527 285 723 335 Patauino,
781 339 787 358 ι
1099 287 1184 330 xxm

58 435 128 496 Car·
142 436 227 494 Frid.
241 433 446 509 Naeuianus,
465 437 686 514 numophylaeii
706 438 940 496 vindobonensis
966 441 1113 514 quondam
1134 458 1185 499 eu·

56 554 130 620 stes,
141 564 242 622 ⁴quam
256 545 441 604 collationem
461 546 535 610 satis,
550 554 687 605 aoourata
700 546 809 605 iaomm
824 545 1066 608 Christianus
1080 550 1183 608 Wal-

56 657 145 715 ziua
160 673 245 715 meus
264 674 318 714 sua
336 673 437 727 manu,
459 656 530 714 dum
544 655 738 715 vindobonae
751 657 791 714 ad
805 655 1053 718 luculentissimas
1066 656 1185 719 Pausa·

55 766 122 825 niae
142 772 174 824 at
195 764 348 824 rhetorum
363 762 546 824 Graecorum
559 766 701 824 editiones
715 744 901 826 instruendas
916 769 1105 839 versabatur,
1131 768 1184 826 de-

56 876 198 951 scriptam
223 875 300 934 dono
324 874 395 934 mihi
421 876 511 934 misit.
554 874 748 935 Paucissimis
776 877 808 934 in
835 877 909 936 loeis
937 879 1030 937 bonas
1058 876 1185 936 aliorum

57 985 189 1043 aodienm
203 991 260 1042 *aut
279 984 413 1043 lectionis
434 985 573 1061 vulgatae
594 981 611 1065 β
632 986 792 1061 scripturas
813 985 918 1060 reiart,
940 987 1035 1046 multo
1055 987 1185 1046 maxima

56 1112 111 1153 saa
130 1099 217 1170 parte
235 1093 316 1172 vitiis
334 1093 522 1153 librariorum
542 1102 573 1153 et
588 1094 860 1171 interpolationibus
878 1095 1025 1168 foedatus,
1045 1114 1065 1153 a
1085 1097 1184 1156 codiee

55 1204 81 1262 P
100 1221 162 1262 non
181 1202 310 1260 multum
330 1204 451 1262 maana
485 1204 529 1264 Ut
548 1209 646 1263 tamen
670 1203 765 1266 huius.
784 1222 901 1280 quoque
926 1206 1033 1264 codicis
1056 1206 1183 1281 pretium

56 1320 291 1388 cognosceretur,
307 1312 520 1389 eiualaotionas
535 1313 668 1373 omittere
680 1315 774 1373 nolui.

95 1422 164 1481 Iam
178 1422 388 1480 transeundum
402 1423 440 1480 ad
454 1441 504 1481 eos
519 1424 644 1494 eodioes,
666 1424 716 1498 qui
734 1432 804 1482 ante
817 1423 893 1483 hane
906 1424 1064 1483 editionem
1080 1441 1182 1483 susee-

55 1538 136 1608 ptam
149 1531 274 1607 inspecti
286 1538 317 1590 at
330 1532 431 1591 collati
445 1541 524 1591 aunt.
546 1532 664 1591 Horum
684 1533 736 1591 alii
753 1534 793 1591 ab
811 1531 876 1592 aliis
895 1535 965 1592 viris
983 1534 1077 1592 doctis
1096 1552 1182 1593 aceu-

56 1640 156 1712 ralr'us,
172 1641 223 1699 alii
235 1640 429 1716 negligentius
444 1647 514 1699 sunt
527 1641 655 1712 tractati,
666 1643 753 1716 pauci
766 1659 819 1717 per
833 1659 934 1699 omnes
948 1640 1050 1712 libros,
1064 1643 1183 1716 pauoio·

55 1767 103 1810 res
122 1751 176 1823 ita,
199 1757 235 1836 ut
247 1756 358 1808 certam
372 1750 502 1824 aliquam
516 1768 618 1808 eorum
632 1750 788 1825 imaginem
801 1750 888 1808 nobis
901 1750 1013 1825 fingere
1026 1749 1183 1824 possimus.

55 1858 100 1918 Do
117 1858 276 1936 permultis
297 1877 336 1916 ne
349 1860 381 1917 id
394 1853 513 1934 quidem
527 1865 630 1917 notum
644 1867 699 1932 est,
722 1859 773 1918 ubi
793 1867 866 1930 tum,
888 1876 955 1917 aum
969 1858 1181 1932 mactabantur,

55 1970 115 2028 sint
126 1968 246 2041 servati,
266 1970 376 2035 nedum
389 1969 441 2027 ubi
458 1987 536 2028 nuno
550 1976 716 2041 serventur,
736 1975 776 2040 et,
797 1967 877 2044 quod
891 1940 1063 2027 maxime‘in
1077 1969 1182 2029 oodioi·

55 2080 111 2138 bns
125 2097 145 2136 a
158 2077 304 2150 Barbare,
322 2076 454 2150 Budaeo,
475 2076 611 2152 Gelasio,
630 2079 718 2138 etiam
732 2077 880 2138 salmasio
893 2079 1033 2156 inspeetis
1047 2080 1181 2138 evenisse

55 2195 165 2265 potest,
194 2206 254 2246 non
272 2188 464 2264 improbabile
486 2196 531 2247 est
554 2189 674 2247 eosdem
699 2189 812 2248 codices
839 2190 877 2247 ab
897 2188 967 2247 aliis
992 2188 1065 2248 viris
1086 2189 1181 2248 doctis

55 2299 116 2358 aliis
130 2298 298 2357 nominibus
318 2315 383 2356 esse
403 2306 531 2369 notatos,
550 2299 591 2357 ita
608 2305 643 2357 ut
663 2298 793 2357 eiusdem
811 2298 919 2356 oodiois
937 2286 1108 2356 testimonio
1120 2298 1180 2356 ior·

54 2408 192 2467 lassabis
206 2414 433 2467 terveutamur.
461 2407 543 2467 Leve
558 2417 657 2466 tamen
671 2408 841 2485 videbatur,
859 2408 897 2465 ob
917 2406 972 2464 has
987 2423 1093 2466 causas
1108 2424 1179 2491 oon-

54 2518 165 2591 iunotas
184 2516 342 2576 ueletiam
361 2536 451 2576 unam
471 2535 573 2575 earum
591 2518 659 2576 illos
679 2517 763 2576 oodd.
778 2532 900 2593 prorsus
918 2516 1069 2586 omittam
1090 2516 1179 2575 simul

54 2627 242 2698 tufissimum
263 2627 289 2685 ai
308 2626 339 2684 in
358 2627 543 2685 recensendis
563 2627 627 2685 istis
642 2625 726 2684 libris
748 2632 859 2685 aetates
880 2624 1011 2684 virorum
1026 2624 1179 2685 doctorum

55 2737 102 2810 qui
118 2737 157 2795 iis
178 2736 225 2794 usi
246 2742 316 2793 sunt
333 2732 479 2809 sequerer.
497 2735 547 2794 ·Et
563 2725 680 2812 'primus
702 2736 821 2810 quidem
835 2735 875 2792 ad
889 2739 985 2824 toturn
998 2735 1088 2802 Plinii
1102 2754 1177 2812 opus

55 2846 164 2913 audires
178 2845 396 2921 manuscriptos
410 2845 543 2903 adhibuit
557 2847 728 2905 Hermolaus
742 2847 905 2917 Barbarae,
921 2845 959 2903 ad
974 2843 1178 2920 castigandam

55 2954 206 3015 editionem
220 2955 384 3014 Romanam
398 2961 428 3014 at
442 2955 587 3014 Venetam
600 2955 642 3014 11.
657 2956 793 3032 pluribus
810 2954 958 3037 oodloibus
972 2970 1060 3023 usus,
1075 2955 1106 3011 in
1119 2953 1176 3024 his,

56 3065 241 3137 nti-videtur,
260 3062 455 3136 Florentinis,
471 3083 540 3123 oum
565 3071 644 3122 oerta
665 3065 705 3121 ad
725 3059 781 3133 293
804 3058 833 3120 64
859 3069 976 3120 vetusta
1000 3060 1178 3137 exemplaria

57 3183 273 3245 mmemoret,
300 3192 426 3249 quorum
447 3174 546 3250 ipsum
563 3172 728 3231 Politianus
747 3170 915 3230 Florentiae
933 3170 1047 3247 primus
1072 3171 1177 3229 admo·

57 3284 154 3356 ruerit,
174 3292 205 3343 at
222 3283 384 3342 Barbarino
399 3278 482 3357 759,
505 3299 631 3358 quotum
652 3281 753 3340 eadem
774 3300 791 3338 e
812 3281 872 3340 suis
892 3276 976 3338 libris
994 3279 1080 3340 affert
1098 3279 1176 3345 Bar·

57 3385 141 3454 barus
155 3389 239 3453 ad·3.
257 3390 339 3464 547.
366 3392 475 3453 Plures
495 3393 580 3452 oodd.
595 3392 703 3451 diserte
722 3392 825 3451 laudat
838 3392 877 3449 ad
891 3388 922 3463 8,
933 3387 986 3452 48.
1003 3386 1053 3451 58.
1077 3387 1107 3464 9,
1123 3388 1175 3452 51.

26 3483 27 3487 ‘
59 3496 104 3576 ιο,
120 3500 173 3562 ar.
201 3498 253 3575 to,
270 3498 322 3563 45.
349 3497 583 3576 33,3.10.13.
609 3497 827 3574 35,17.etrn
848 3501 894 3561 ns
915 3475 1066 3578 impar
1084 3520 1176 3560 unum

57 3609 179 3676 ltoerum
193 3621 282 3686 atque
296 3613 501 3688 depravatum.
522 3609 637 3670 Multae
658 3629 767 3687 eaeque
787 3612 915 3688 optimae
929 3612 1069 3670 lectiones
1084 3612 1174 3669 exiis

57 3718 253 3782 iterationem
266 3722 366 3793 Plinii,
380 3723 425 3780 uti
442 3740 521 3781 nunu
533 3722 638 3792 fertur,
652 3728 819 3792 manarunt,
838 3730 868 3779 et
886 3721 1035 3779 nonnullis
1053 3721 1083 3780 in
1102 3717 1175 3779 loois

58 3831 106 3890 soli
124 3851 225 3892 veram
245 3832 420 3908 scripturam
439 3840 603 3904 servarunt,
627 3837 663 3889 ut
675 3827 728 3903 35,
742 3826 806 3903 45,
827 3831 880 3890 ubi
898 3831 1017 3908 byopino
1036 3838 1117 3891 reete
1136 3849 1176 3890 ex

57 3938 150 4000 iisest
169 3943 348 4014 restitutum,
376 3960 442 4000 oum
463 3934 658 4001 ceari'eodd.
678 3940 773 4014 magis
798 3939 932 3999 minusve
951 3941 1009 3999 sint
1029 3942 1173 4017 oomupti3

56 4048 118 4111 item
137 4047 191 4125 35,
207 4048 280 4111 142.
300 4053 356 4111 soli
374 4051 419 4110 illi
442 4069 510 4110 oum
530 4049 678 4109 aeditibus
699 4046 815 4109 Gelenii
837 4051 910 4111 dant
932 4053 1082 4112 sollertia
1101 4062 1172 4124 orte,

57 4163 129 4235 quod
148 4164 179 4222 in
200 4163 304 4223 oeteris
327 4162 461 4224 omnibus
485 4161 570 4222 codd.
589 4160 698 4239 partim
717 4159 839 4222 ridicule
862 4167 907 4220 est
931 4160 1124 4239 depravatum
1145 4170 1175 4219 et
