2714 4710
114 81 192 122 xmv
578 77 767 121 PRAEFATIO.

113 232 276 293 subsidium
295 231 385 308 vulgo
404 229 543 291 dieantur.
570 229 675 308 Neque
695 247 751 306 ego
771 229 904 290 laborem
922 229 1010 291 taedii
1030 229 1236 309 plenissimum

112 341 318 414 reformidati,
348 340 504 416 quominus
529 339 677 407 vincentii
705 339 859 416 speculum
886 340 1022 400 naturale
1045 359 1085 399 ex
1107 340 1238 400 editione

111 450 242 528 principe
254 447 415 508 Menteline
427 448 497 506 anni
513 443 617 521 1476,
637 465 696 525 que
714 447 779 507 sole
796 449 836 507 ad
849 465 936 510 usum
949 449 1082 508 miticum
1095 449 1141 507 uti
1154 448 1234 520 lieet,

113 576 169 636 per
189 564 256 619 octo
280 557 372 616 libros
391 556 503 634 priores
522 575 589 615 cum
607 553 704 616 Plinio
729 557 892 633 conferrem
916 558 1072 634 omneque
1096 558 1237 616 lectiones

113 666 181 726 inde
195 673 347 743 excerptos
361 665 486 740 margini
498 665 625 742 exempli
639 666 697 724 mei
718 665 925 726 adscriberem.
950 666 1119 725 Proventus
1138 666 1238 726 varm-

113 793 181 834 rum
199 774 357 834 lectionum
376 792 447 833 sane
464 775 566 850 ingens
587 781 666 846 erat,
692 774 804 834 1111111
826 782 924 835 autem
948 792 1090 851 perquem
1113 774 1239 852 exiguus

115 892 177 958 aut,
197 883 224 942 si
242 902 347 944 verum
370 883 466 943 dicere
486 884 635 962 volumus,
656 883 767 943 nullus.
799 885 881 945 Usus
896 883 972 943 enim
992 890 1039 942 est
1051 882 1237 954 Vincentius,

116 993 167 1068 qui
184 992 279 1051 medio
297 992 413 1052 soeculo
434 991 526 1051 xm.
545 1009 619 1068 opus
639 1009 726 1051 suum
744 993 926 1070 conseripsit,
944 989 1035 1051 Plinii
1052 991 1154 1051 codice
1171 1008 1238 1051 cor-

116 1102 302 1178 ruptissimo,
329 1100 429 1159 multis
454 1100 528 1160 locis
550 1101 728 1177 interpolato
749 1097 793 1178 (id
818 1101 898 1179 quod
922 1101 983 1158 iam
1001 1119 1039 1159 ex
1058 1100 1176 1158 duabus
1194 1099 1238 1157 le·

117 1208 260 1268 ctionrbus
283 1209 339 1267 sibi
361 1208 503 1285 appositis
523 1186 617 1285 petet,
636 1210 682 1268 uti
701 1204 821 1281 2193.
840 1213 990 1287 fremente,
1009 1210 1085 1267 oliae
1098 1211 1237 1285 fervente,

117 1312 259 1391 33,129.
278 1319 433 1394 ereculptis
453 1320 496 1376 vel
514 1320 652 1394 repulsis,
678 1312 820 1390 36,165.
835 1320 1009 1395 percontere,
1029 1317 1105 1374 alios
1120 1325 1240 1392 paeter-

117 1428 204 1499 m‘oee,
224 1419 276 1498 37,
291 1418 343 1485 89.
359 1427 537 1502 interpellari
553 1428 597 1486 oel
615 1429 794 1504 interpolari,
814 1421 867 1497 37,
884 1420 956 1484 120.
971 1425 1080 1501 cyaneo,
1099 1424 1176 1482 aliar
1192 1441 1240 1482 re·

119 1527 211 1615 soni),
232 1533 340 1593 multos
354 1551 449 1593 novas
462 1534 601 1593 lectiones
614 1534 719 1606 meles,
738 1535 829 1592 bones
843 1539 873 1591 et
886 1535 924 1592 eb
940 1532 1086 1591 eodicrbus
1101 1531 1167 1590 aliis
1180 1548 1241 1589 non

119 1644 324 1718 comprobatas
342 1641 441 1699 nullas
462 1642 625 1715 exhibente,
646 1650 676 1700 et
692 1649 848 1719 praeterea
868 1648 965 1699 tantas
983 1641 1016 1698 in
1034 1639 1131 1699 verbis
1150 1637 1242 1697 Plinii

119 1749 295 1808 mutationes
310 1749 366 1807 sibi
378 1748 510 1823 indulsit,
531 1757 566 1808 ut
582 1749 641 1808 iem
660 1752 715 1808 hec
734 1769 773 1808 ex
786 1767 875 1808 causa
888 1750 1046 1808 auctor-ins
1061 1748 1126 1806 eius
1141 1747 1244 1807 critice

119 1857 181 1916 fere
194 1874 317 1934 prorsus
332 1857 370 1915 sit
383 1858 555 1933 spernendo.
582 1856 697 1933 Neque,
720 1867 801 1935 puto,
821 1857 877 1917 viri
891 1858 968 1916 docti
982 1875 1050 1915 eum
1062 1856 1139 1914 tanti
1158 1850 1243 1915 iecis-

120 1974 196 2037 sent,
210 1967 238 2024 si
251 1967 370 2041 cognite
383 1965 563 2039 habuissent,
583 1967 734 2044 quee‘ipse
747 1966 922 2026 Vincentius
940 1967 971 2025 in
988 1966 1112 2042 prologo
1130 1963 1244 2042 speculi

120 2073 279 2133 histo1iolis
292 2069 342 2134 10.
358 2075 394 2132 de
407 2076 521 2133 ratione
534 2077 709 2152 excerpendi
722 2076 877 2152 scriptores
891 2081 1007 2134 veteres
1021 2082 1068 2132 est
1080 2072 1244 2132 confessus.

120 2183 199 2243 Dicit
217 2183 308 2242 enim:
337 2180 412 2255 „Sic
432 2201 497 2260 ego,
520 2184 587 2242 licet
601 2184 695 2244 omnis
709 2203 813 2244 revera
832 2184 975 2242 mendacii
994 2184 1171 2254 detestator,
1191 2199 1246 2240 nec

122 2293 257 2368 propriae
277 2292 396 2368 quidem
414 2293 606 2352 conscientiae
627 2293 745 2352 stimulo
765 2294 958 2364 remordente,
980 2309 1037 2350 uec
1053 2291 1178 2348 istorum
1195 2307 1245 2349 co·

121 2401 234 2458 lumnia
252 2401 427 2472 deterrente,
454 2402 539 2459 etde
558 2397 690 2461 flosculis
711 2401 879 2460 Aristotelis
901 2403 983 2460 etde
1002 2402 1102 2460 ceteris
1121 2417 1193 2476 quoe
1214 2400 1245 2458 ia

122 2509 174 2567 boe
194 2525 277 2584 opere
294 2526 349 2583 per
370 2511 484 2569 diverso
502 2507 631 2586 capitote
651 2513 807 2570 interciet
826 2510 954 2587 propriis
972 2517 1128 2567 auctorum
1148 2508 1246 2566 nomi-

123 2616 210 2674 nibus
230 2616 384 2686 ennotavi3
405 2622 435 2673 et
453 2617 479 2674 si
498 2616 623 2675 forsiten
640 2637 678 2677 ex
696 2619 795 2693 eliqua
813 2635 967 2677 censorum
987 2615 1203 2694 praedictarum
1215 2616 1248 2674 in

124 2724 272 2801 plerisque
291 2725 362 2784 locis
381 2724 492 2800 aliquid
511 2720 728 2785 immutaverim
747 2728 784 2785 de
804 2728 958 2803 superficie
979 2726 1028 2786 vel
1051 2725 1151 2784 ordine
1169 2744 1246 2784 rer-

123 2827 281 2914 borum*),
301 2836 439 2894 audacter
458 2841 557 2894 tamen
575 2845 605 2894 et
623 2837 748 2894 scribam
762 2843 793 2893 et
812 2837 908 2893 dicem
929 2835 1005 2893 hanc
1019 2835 1068 2894 vel
1080 2833 1165 2892 illem
1179 2850 1247 2892 sen·

123 2943 245 3000 tentiam
268 2942 349 3002 illius
374 2945 500 3003 auctoris
524 2962 607 3016 esse,
634 2946 717 3004 cuius
736 2944 845 3003 scilicet
863 2961 969 3002 nomen
988 2943 1018 3001 in
1043 2943 1129 3000 titulo
1153 2941 1247 3000 eonti-

123 3047 242 3109 netur.''
264 3050 355 3109 Recte
367 3053 458 3126 igitur
470 3051 676 3110 Beckmeunus
689 3054 720 3110 in
734 3052 811 3110 libro
824 3050 981 3128 inscripto:
1003 3051 1127 3112 Vorrotb
1140 3051 1249 3109 eloim

124 3157 353 3234 Auctoritatem,
375 3158 414 3217 Τ.
428 3159 471 3217 Π.
489 3178 519 3235 p.
534 3156 607 3220 368.
628 3160 659 3219 in
672 3159 827 3219 Vincentio
847 3161 957 3218 utendo
978 3176 1123 3218 summam
1137 3157 1249 3216 cautio·

125 3283 193 3324 nem
207 3265 313 3324 criticis
327 3266 551 3340 commendavit,
573 3286 666 3343 eoque
683 3271 780 3328 minus
800 3287 854 3346 ego
872 3269 903 3327 in
916 3270 1017 3328 labore
1030 3267 1082 3326 illo
1093 3265 1170 3324 milri
1182 3282 1248 3342 per·

125 3376 255 3449 gendum
274 3392 338 3432 esse
356 3376 495 3451 putabam
500 3416 510 3447 ,
531 3393 589 3450 quo
609 3377 752 3437 minorem
769 3378 925 3437 utilitatem
945 3378 1100 3438 habiturus
1119 3391 1185 3433 esse
1204 3373 1250 3433 vi·

126 3485 260 3557 debatur,
282 3484 338 3544 nisi
353 3484 449 3542 omnia
462 3493 601 3560 excerpta
614 3486 667 3544 illa
682 3487 888 3546 commentario
902 3505 968 3545 meo
981 3486 1151 3554 insererem,
1171 3482 1251 3557 quod

160 3680 188 3746 1)
210 3682 362 3748 Saepissime
379 3683 430 3733 hoc
449 3681 546 3735 foetum
563 3699 617 3736 esse
634 3686 685 3736 iem
702 3686 760 3736 inde
777 3687 905 3747 docemur,
928 3687 999 3749 quod
1020 3685 1047 3734 in
1064 3685 1155 3735 iisdem
1171 3682 1251 3735 Plinii

126 3766 208 3820 verbis
229 3768 264 3818 ob
286 3772 366 3816 certas
388 3780 476 3818 causes
493 3785 509 3818 e
525 3769 662 3820 Vincentio
684 3769 786 3820 diversis
807 3769 871 3820 locis
892 3768 932 3819 bis
954 3774 1023 3819 terve
1039 3768 1128 3833 positis
1144 3780 1251 3832 magnes

128 3850 198 3903 houd
214 3868 271 3903 rero
290 3851 445 3905 diversitates
463 3853 680 3918 deprehendimus,
703 3868 767 3918 quae
789 3855 832 3903 uni
850 3853 887 3904 illi
905 3853 1057 3921 immutandi
1074 3852 1191 3904 licentiae
1208 3864 1249 3902 ac·

129 3942 216 4000 ceptae
233 3934 381 3986 referuntur.
866 3944 869 3948 “
