2714 4710
151 283 210 348 106
497 299 701 348 aaruasars
724 301 918 365 arsuonraa

147 450 224 538 pido
245 464 332 517 metu
354 452 511 538 cupimus.
539 450 680 535 ideoque
702 452 800 516 etiam
819 451 947 538 publice
960 449 1077 517 Febris
1098 451 1212 517 lanum
1233 452 1269 517 in
1283 473 1311 517 ιε

147 550 274 618 Palatio
295 553 436 618 dicatum
459 563 518 629 est,
542 550 693 617 Orbonae
714 553 757 616 ad
778 554 892 618 aedem
912 552 1036 618 Larum
1057 575 1113 616 ara
1133 563 1168 618 et
1190 551 1267 619 Ma·

147 655 197 719 lae
218 652 383 720 Fortunae
399 652 563 736 Esquiliis.
596 651 815 734 Quamobrem
835 654 936 720 maior
956 653 1107 721 caelitum
1127 653 1269 739 populus

148 754 245 820 etiam
266 777 363 838 quam
383 753 546 817 hominum
576 753 719 841 intellegi
747 765 865 837 potest,
894 777 968 820 cum
994 755 1113 843 singuli
1138 773 1269 840 quoque

142 872 189 920 'ex
209 855 391 938 semetipsis
410 853 543 920 totidem
562 854 640 920 deos
660 855 798 932 faciant,
820 854 959 920 Iunones
981 853 1168 940 Geniosque
1188 856 1269 922 ado·

148 957 269 1040 ptando
291 955 374 1032 sibi,
396 966 511 1039 gentes
531 978 607 1021 vero
629 956 788 1041 quaedam
808 956 957 1022 animalia
983 968 1017 1020 et
1040 956 1149 1040 aliqua
1171 957 1270 1023 etiam

147 1056 284 1121 obscena
305 1079 363 1141 pro
385 1055 446 1119 diis
468 1055 608 1121 habeant
629 1079 666 1120 ac
686 1057 788 1121 multa
804 1055 893 1120 dictu
906 1056 1009 1142 magia
1022 1056 1185 1141 pudenda,
1208 1079 1268 1143 per

148 1156 265 1220 fetidus
286 1179 421 1242 caepas,
443 1158 506 1223 alia
528 1168 560 1222 et
581 1157 696 1224 similia
715 1158 868 1221 iurantes.
908 1156 1115 1223 Matrimonia
1136 1157 1270 1242 quidem
1284 1179 1313 1224 ιτ

147 1257 232 1322 iuter
253 1258 331 1323 deos
352 1257 440 1322 credi
463 1270 614 1341 tantoque
635 1281 715 1324 aevo
730 1280 771 1323 ex
784 1258 834 1322 his
848 1257 1008 1323 neminem
1020 1258 1120 1337 nasci,
1142 1266 1178 1323 et
1190 1257 1271 1325 alios

153 1380 225 1424 esse
246 1359 447 1445 grandaevos
469 1381 596 1442 semper
617 1381 792 1443 canosque,
816 1357 894 1424 alios
915 1357 1047 1424 iuvenes
1067 1368 1165 1443 atque
1188 1380 1269 1443 pue-

148 1481 212 1536 ros,
235 1459 297 1523 atri
319 1459 443 1535 coloris,
466 1458 613 1545 aligeros,
636 1460 777 1536 claudos,
798 1481 859 1549 ovo
880 1458 984 1523 editos
1003 1470 1036 1524 et
1053 1459 1186 1525 alternis
1199 1458 1270 1525 die·

148 1559 210 1624 bus
237 1559 374 1624 viventis
399 1560 648 1643 morientisque,
676 1559 847 1644 puerilium
867 1581 969 1643 prope
990 1558 1273 1627 deliramentorum

150 1671 218 1738 est;
240 1661 299 1726 sed
312 1682 411 1745 snper
432 1682 558 1726 omnem
578 1661 800 1746 inpudentiam
814 1660 971 1726 adulteria
981 1659 1065 1726 inter
1077 1660 1166 1746 ipsos
1178 1648 1288 1746 flagi,

152 1785 227 1827 mox
248 1763 354 1850 iurgia
376 1772 409 1828 et
429 1761 523 1840 odia,
553 1772 650 1847 atque
672 1761 769 1826 etiam
789 1761 947 1826 lentorum
968 1782 1039 1827 esse
1060 1773 1093 1826 et
1113 1752 1273 1827 scelerum

151 1862 291 1925 numina.
327 1862 420 1926 Deus
442 1873 492 1926 est
512 1863 638 1927 mortali
659 1862 769 1927 iuvare
791 1863 973 1940 mortalem,
996 1871 1030 1927 et
1049 1860 1130 1926 haec
1149 1861 1194 1927 ad
1213 1884 1271 1927 ae·
1286 1887 1316 1932 rs

151 1973 273 2026 ternam
302 1962 436 2046 gloriam
465 1963 527 2026 via.
563 1962 636 2026 Hac
659 1985 806 2046 proceres
826 1962 893 2028 iere
914 1962 1061 2041 Romani,
1094 1962 1154 2028 hac
1183 1984 1273 2029 nunc

185 2173 253 2234 trs.
272 2171 370 2236 rara,
382 2170 556 2239 Proaoag.
574 2173 655 2238 aare
667 2173 696 2239 β.
708 2180 768 2229 vra
780 2179 834 2230 ca.
846 2180 878 2230 a.
895 2180 929 2228 n.
946 2184 970 2238 a
987 2183 1027 2228 as.
1044 2178 1124 2241 augg.
1137 2183 1161 2236 a,
1181 2184 1220 2227 ιι.
1240 2217 1272 2229 ..

153 2241 275 2304 Orbonae,
287 2242 347 2292 abd
352 2257 376 2306 g.
396 2243 480 2304 bonae,
492 2244 591 2294 Richel.
609 2247 677 2306 bone,
689 2261 714 2309 p.
735 2243 864 2305 Comatae,
881 2247 911 2308 P,
924 2247 995 2294 cuius
1006 2246 1113 2308 margini
1129 2247 1207 2295 rerba
1225 2243 1273 2295 Or-

152 2313 230 2360 bonae
253 2307 357 2375 quidam
376 2310 470 2361 malunt
489 2312 616 2375 adscripta
635 2321 701 2362 sunt.
735 2314 812 2363 Delet
840 2314 950 2363 Pintian.
978 2353 1009 2360 -
1035 2308 1143 2372 larum,
1163 2310 1274 2376 Pabgp

152 2376 238 2441 (codd
254 2379 383 2429 Leideuss.
404 2394 445 2442 ap.
462 2379 577 2430 Oudsnd.
598 2381 630 2429 ad
651 2381 720 2432 Suet
739 2381 815 2432 Dom.
835 2384 883 2442 17,
896 2395 971 2444 quem
982 2380 1032 2430 vid.
1044 2380 1122 2429 suam
1132 2381 1167 2431 ad
1177 2378 1274 2442 Obsco.

99 2550 104 2558 .
151 2515 223 2576 prod
246 2509 316 2573 101.)
336 2473 417 2573 Lorii:
436 2516 460 2563 d
486 2514 600 2575 Larium,
620 2509 671 2577 βγ.
691 2555 722 2564 -
740 2531 789 2563 aro
809 2523 838 2576 et,
857 2515 988 2578 Pabdgp
1005 2509 1156 2577 (Richolet.)
1175 2522 1201 2561 et
1212 2530 1274 2575 ara,
1322 2564 1326 2571 ,

151 2579 230 2629 Hadr.
242 2580 339 2638 lunius,
352 2582 477 2629 animadv.
489 2587 513 2639 3,
527 2586 548 2630 l.
560 2595 585 2645 γ.
597 2621 629 2630 ..
646 2581 716 2642 male,
728 2585 775 2645 dp.
794 2582 868 2642 mala
879 2582 944 2631 Pab
950 2595 975 2643 g.
995 2620 1027 2630 -
1046 2595 1076 2628 ex
1089 2579 1189 2644 quidus,
1200 2596 1227 2645 p.
1240 2618 1274 2631 .-

73 2706 75 2713 .
152 2647 270 2696 hominum
282 2648 362 2705 etiam,
373 2648 403 2695 P.
416 2687 447 2694 -
458 2647 555 2708 faciat,
567 2661 590 2697 σ.
604 2689 636 2698 -
657 2646 756 2710 Genios,
772 2650 802 2699 Ρ.
817 2689 848 2698 .-
865 2657 947 2714 pentes
963 2646 988 2698 si
1003 2645 1133 2711 quaedam,
1150 2648 1180 2697 P.
1199 2687 1231 2696 ..
1251 2655 1276 2698 el

152 2712 241 2775 aliqua
255 2711 335 2773 aium,
347 2714 433 2762 'Pabd
437 2727 483 2776 gp.
501 2722 524 2762 et
536 2713 635 2778 reliqua
645 2716 723 2776 etiam
735 2717 764 2767 P.
783 2717 853 2766 mam
865 2725 887 2765 et
898 2716 994 2779 aliqua,
1006 2715 1032 2766 S.
1050 2714 1141 2779 aliqua
1156 2715 1241 2775 etiam
1253 2731 1274 2765 r.

152 2789 176 2830 et
192 2780 266 2828 etium
281 2779 379 2841 aliqua,
395 2782 499 2830 Robert.
516 2781 589 2831 etiam
605 2782 694 2845 aliquo
710 2793 739 2845 et,
755 2779 783 2845 β.
801 2785 842 2833 Dc
854 2791 879 2832 et
891 2823 923 2831 ..
935 2783 1009 2832 etiam
1020 2783 1069 2831 n'd.
1082 2783 1115 2832 ad
1127 2786 1168 2842 ³5,
1180 2787 1223 2832 ³5.
1241 2822 1276 2831 -

149 2844 281 2913 prodiqiis,
294 2848 329 2896 a¹.
349 2888 380 2910 ,-
398 2847 511 2907 labeant,
525 2842 628 2912 Oalgr.
646 2850 743 2911 labent,
756 2851 877 2915 Pa²bdp
893 2846 1023 2912 (Robert.)
1040 2843 1069 2910 β.
1088 2890 1120 2898 ..
1139 2849 1277 2914 perforti-

152 2915 201 2966 das
212 2929 293 2980 cepas,
305 2914 550 2978 attramentarium
558 2913 624 2977 alia)
637 2925 660 2965 et
671 2916 775 2978 similia,
788 2912 816 2967 θ.
826 2933 874 2983 per
878 2917 985 2981 foetidos
996 2918 1060 2967 ortos
1072 2923 1096 2964 et
1108 2917 1161 2967 ulia
1172 2913 1277 2978 studio,

152 2979 339 3047 Pabdgpfir.
357 2985 395 3034 At
405 2984 455 3033 rid.
470 2989 509 3044 19,
523 2990 579 3034 101.
598 2983 708 3035 Salvium
721 2987 825 3049 gubern.
837 2986 878 3035 dei
891 2991 912 3034 1.
925 3000 950 3048 p.
962 2991 1003 3034 86.

187 3049 202 3109 §
217 3055 256 3102 17.
275 3052 342 3112 deas,
354 3053 383 3101 P.
403 3093 434 3101 ..
453 3051 516 3113 erio,
527 3053 550 3103 P
560 3056 574 3101 ¹.
593 3069 660 3114 aevo,
672 3054 784 3103 eiusdem
796 3054 829 3103 ad
846 3053 986 3114 marginem
1002 3067 1093 3101 manus
1109 3053 1228 3101 secunda.
1242 3090 1277 3100 ..

155 3117 186 3167 ea'
207 3119 252 3179 eis,
272 3121 377 3169 Robert.
406 3161 436 3169 -
463 3137 555 3184 semper
574 3136 705 3184 canosque,
725 3121 849 3184 Pabgpr
868 3117 1000 3181 (Robert.)
1026 3133 1168 3183 semperque
1188 3133 1279 3180 taam,

154 3181 224 3249 dssr.
245 3226 276 3234 ..
294 3187 345 3234 atri
354 3187 449 3247 coloris,
461 3189 587 3252 Tabgpr
598 3186 727 3251 (Robert.)
740 3188 815 3238 alteri
825 3185 932 3251 aliperao
944 3185 1064 3251 eorporis,
1075 3187 1104 3236 P.
1123 3184 1279 3248 ατνίοοὶονθε,

152 3248 182 3313 β.
206 3292 237 3300 -
259 3270 310 3311 ουο,
327 3255 428 3302 a'·'b'·'d.
453 3256 519 3314 bove,
536 3258 577 3304 (1².
601 3259 696 3316 ebone,
714 3258 772 3318 abg
789 3250 917 3318 (Robert)
936 3255 1077 3315 asael!
1095 3255 1225 3317 edoump.
1245 3293 1278 3302 ..

154 3320 221 3368 inter
232 3317 307 3381 ipsos,
318 3333 335 3366 a
351 3320 422 3369 addit
433 3334 523 3368 manus
534 3325 652 3371 secunda.
672 3363 702 3371 ..
722 3332 793 3386 atque
804 3323 831 3372 iu
839 3321 874 3384 f,
886 3336 911 3386 p.

188 3382 203 3442 ξ
217 3389 256 3433 18.
277 3384 378 3444 Decius,
396 3399 421 3433 σ.
445 3383 480 3433 At
495 3387 519 3434 si
534 3387 603 3448 deus,
619 3405 638 3436 r.
661 3391 813 3439 Emendavit
828 3391 880 3439 iam
894 3389 1027 3439 Barbarus.
1046 3430 1078 3438 -
1096 3397 1129 3450 et,
1140 3404 1193 3438 om.
1205 3403 1226 3438 r.
1245 3428 1278 3439 .-

152 3447 596 3515 prmeresiere,Pabgp(Robert.)
612 3469 783 3517 praecessere,
796 3459 848 3507 Td.
868 3497 900 3505 ..
917 3457 987 3516 lanc,
1003 3456 1036 3506 Τ.
1059 3469 1133 3517 aaa.
1161 3496 1193 3504 ..
1217 3472 1279 3522 pra-

154 3517 222 3578 tiam,
236 3531 286 3567 om.
299 3519 402 3568 Robert.
422 3559 453 3567 -
471 3518 626 3580 macutant,
640 3515 983 3587 OPPabdgrufflobert.)
1001 3521 1185 3584 adamantur,
1219 3519 1250 3584 β.

188 3583 203 3645 §
218 3591 257 3635 la.
275 3594 306 3645 et,
320 3601 370 3637 om.
382 3586 411 3635 P.
431 3625 462 3633 ..
481 3585 592 3662 aliorum,
605 3581 689 3638 θεῖν.
708 3589 813 3640 orarium
825 3590 938 3652 aliorum,
948 3591 1073 3655 Pa²bdp
1082 3538 1215 3653 (Robertl
1224 3585 1279 3656 βγ.

154 3653 261 3703 aliorum
276 3655 386 3713 omnium,
404 3668 428 3715 g.
448 3693 478 3700 ..
498 3651 605 3704 siderum
622 3657 705 3716 retuli,
722 3658 774 3721 Pp.
793 3699 824 3708 ..
843 3658 898 3719 sint,
914 3674 939 3722 p.
960 3699 991 3707 -
1008 3658 1138 3719 ammaon,
1154 3660 1199 3708 ab.
1222 3673 1280 3709 αισ-

154 3721 335 3784 leste,TPdg.
353 3718 490 3783 caelesti,p
511 3718 657 3784 (Riohslet,
685 3724 803 3788 Robert)
839 3767 870 3775 -
900 3723 1107 3785 nomenclaturae,
1130 3739 1154 3774 σ.
1184 3741 1281 3776 nom·

154 3787 282 3848 auduram,
306 3790 372 3850 abg.
397 3789 584 3850 oenomelum,
608 3791 661 3840 Td.
691 3807 775 3841 nomen
798 3791 918 3853 culturae,
940 3794 985 3856 Pp
1009 3789 1131 3854 (Richel,
1160 3791 1281 3856 Robtrt.)

155 3855 270 3904 caelestes
283 3855 481 3916 nomeneulturos,
508 3857 723 3922 Dalecamp.,qui
744 3860 846 3922 quidem
862 3863 923 3924 quid
939 3863 966 3910 in
990 3862 1042 3910 suis
1059 3861 1131 3910 codd.
1155 3862 1281 3910 invenerit

154 3924 217 3971 adeo
240 3916 406 3986 negligenterx
426 3926 552 3988 exposuit,
581 3935 609 3976 ut
638 3929 668 3976 de
698 3942 787 3977 eorum
819 3929 943 3992 scriptura
967 3929 1028 3977 ceni
1053 3929 1152 3990 aliquid
1171 3927 1282 3992 prolerri

153 3999 271 4052 nequeat.
291 4031 321 4039 -
340 4007 386 4039 noa
398 4005 435 4051 ex,
447 3993 477 4041 P.
497 4034 528 4042 ..
551 3995 775 4057 interpretationem,
792 3996 933 4057 Piptiauus.
957 3994 1111 4060 interpretum
1129 4005 1221 4046 natura
1229 3996 1281 4059 fa-

154 4065 235 4105 tentur
251 4057 424 4118 irridendumi,
442 4060 585 4111 Heumann.
607 4064 675 4124 apud
692 4063 796 4114 Gesner.
821 4103 852 4112 ..
871 4062 1027 4122 irridendum
1045 4079 1104 4112 cum
1120 4063 1236 4115 Gesnsro
1254 4071 1283 4114 et

154 4125 286 4174 nonnullis
304 4127 376 4174 codd.
394 4127 559 4191 Robertoque
576 4131 608 4177 ad
625 4131 756 4193 superiora
772 4131 855 4188 rotuli,
868 4146 927 4179 cum
938 4131 1016 4191 vulgo
1028 4145 1097 4180 nora
1108 4132 1204 4181 abhuc
1215 4145 1283 4181 roua

155 4191 274 4254 periodus
294 4193 434 4255 incipiatur.
464 4195 602 4255 irridendo,
623 4199 662 4244 α’.
692 4236 721 4245 .,
749 4195 843 4259 Apere,
863 4198 1021 4261 TPabdgp
1042 4195 1196 4261 (Richelet)
1222 4214 1281 4248 uem

99 4284 103 4291 ι
157 4274 236 4320 apere,
257 4254 308 4324 βγ.
335 4258 401 4310 Num
422 4278 478 4312 vero
499 4279 579 4329 apere,
601 4263 734 4314 Gesnerus.
767 4305 797 4313 ..
827 4263 999 4325 dubitemusne,
1024 4268 1070 4329 dp
1101 4263 1280 4328 dubitemusne,

211 4428 295 4437 ..—....
