2714 4710
151 349 267 391 LXXXII
612 346 801 397 Pansam,

151 501 287 560 ciendum
307 499 445 572 restabat,
465 498 520 558 nisi
537 507 572 557 ut
591 501 655 577 ipse
675 501 749 559 meis
766 498 932 576 sumptibus
949 497 1123 575 particulam
1142 498 1274 574 aliquam

149 628 262 682 eorum,
283 627 359 684 quae
377 618 441 668 tum
461 610 499 667 ad
517 607 646 668 Plinium
666 609 880 667 emendandum
897 609 1140 685 conscripseram,
1161 608 1275 685 aliquot

148 719 290 796 exemplis
304 737 359 796 per
371 726 457 797 typos
470 719 658 795 repetendam
672 736 808 777 curarem
820 719 1032 795 repetitumque
1051 736 1119 777 cum
1136 718 1172 777 iis
1190 735 1274 779 com·

148 828 341 901 munimem,
361 828 412 903 qui
430 829 487 887 hoo
502 844 577 904 opus
590 835 644 886 aut
657 828 800 886 benevole
817 835 848 885 et
866 833 948 885 raet
961 826 1083 885 oonsilio
1096 827 1274 887 adiuverant

147 946 201 997 aut
217 956 237 995 a
255 938 361 1012 quibus
381 937 492 995 bonum
511 937 609 997 virum
634 955 731 1012 neque
751 953 862 995 vanum
880 936 1089 1012 promissorem
1110 936 1275 1011 existimari

146 1047 307 1123 plurimum
322 1065 389 1105 mea
407 1046 556 1105 intererat.
585 1045 642 1120 Ita,
663 1055 698 1105 ut
717 1046 753 1103 de
767 1045 868 1104 multis
881 1045 947 1103 aliis
961 1053 1087 1118 taceam,
1107 1055 1189 1105 certe
1202 1046 1273 1105 RE·

148 1154 226 1215 GIA
236 1153 465 1215 AOADEMIA
475 1154 756 1214 LITTERARUM
765 1152 1048 1228 MONAOENSIS,
1064 1172 1142 1229 quae
1151 1165 1273 1215 auctore

147 1265 338 1324 Friderico
357 1258 585 1323 Thierschio
604 1264 770 1323 naturalem
783 1265 934 1323 historiam
947 1262 1040 1323 Plinii
1051 1250 1273 1325 ¹emendandum

147 1381 177 1432 et
196 1375 337 1433 edendsm
357 1393 424 1432 cum
443 1391 558 1432 summo
579 1392 645 1432 meo
658 1372 771 1431 honore
789 1373 860 1432 mihi
873 1374 1076 1445 mandaverat,
1088 1372 1165 1435 illud
1183 1374 1271 1451 flugi-

146 1492 210 1541 tare
223 1501 310 1559 posse
322 1481 487 1554 videbatur,
501 1489 536 1540 ut
548 1482 649 1556 aliquo
663 1483 819 1558 specimine
835 1482 912 1540 edito
922 1501 970 1541 me
984 1483 1044 1541 otio
1058 1499 1200 1543 concesso
1209 1500 1272 1553 non

146 1593 273 1651 abusum
287 1610 351 1650 esse
365 1593 605 1651 demonstrarem.
633 1591 701 1649 Hac
722 1593 758 1650 de
779 1609 869 1651 causa
890 1592 939 1650 vel
952 1598 1038 1650 curta
1056 1609 1104 1651 res
1117 1591 1272 1661 leuniliaris

147 1719 196 1761 me
214 1721 233 1761 a
251 1708 387 1778 suscepto
408 1719 475 1758 meo
496 1701 642 1759 deterrere
660 1719 719 1759 non
740 1702 850 1776 potuit;
870 1700 940 1776 qnid
958 1701 1035 1759 enim
1053 1698 1273 1777 erantaliquot

146 1810 260 1870 nummi
280 1811 349 1868 huie
369 1809 485 1885 nogotio
503 1810 641 1886 impensi,
663 1809 688 1867 si
708 1809 924 1886 comparaveris
946 1827 997 1868 eos
1018 1828 1086 1869 cum
1106 1809 1271 1878 multorum

146 1936 293 1980 annorum
307 1919 403 1977 studio
417 1918 448 1977 in
461 1917 518 1977 hcc
532 1937 620 1996 opere
633 1919 809 1996 perficiendo
822 1917 936 1977 irusma
947 1916 1078 1979 necsiue
1090 1919 1271 1996 poenitentia

147 2047 208 2089 non
220 2027 360 2104 temporis
374 2028 462 2086 modo
473 2029 582 2101 emissi,
598 2028 651 2086 sed
663 2028 791 2087 aliorum
805 2027 894 2087 etiam
908 2027 1128 2088 commodorum
1141 2029 1179 2087 ob
1192 2027 1270 2089 illud

147 2137 349 2212 neglectorum
363 2134 523 2196 collocato?
544 2138 684 2197 Dandum
695 2138 805 2214 aliquid
816 2138 957 2214 opinabar
970 2137 1177 2197 existimationi
1185 2154 1271 2197 meae

148 2254 178 2304 et
191 2246 306 2318 honori,
328 2264 387 2305 non
400 2245 521 2321 ignarus
535 2265 626 2305 unum
641 2246 689 2304 vel
707 2247 833 2306 alterum
851 2266 898 2306 me
911 2246 1053 2323 gloriolae
1067 2247 1161 2307 studio
1174 2247 1271 2324 pretio

147 2356 235 2415 nimis
256 2373 366 2433 magno
380 2356 556 2415 satisfecisse
570 2375 634 2415 esse
647 2357 807 2428 dicturum3
829 2364 858 2414 et
874 2375 941 2415 oum
959 2357 1003 2416 ita
1016 2356 1163 2434 agendum
1176 2355 1271 2415 vidis·

147 2482 221 2537 sem,
236 2473 270 2524 ut
283 2474 345 2525 tota
359 2466 459 2540 alique
472 2465 618 2543 particula
627 2465 718 2525 Plinii
732 2484 829 2541 neque
844 2466 987 2542 singulae,
1003 2466 1138 2542 quemvis
1148 2464 1271 2538 multae,

63 2555 65 2559 Ι
147 2575 353 2633 ednotationes
368 2594 386 2633 e
400 2594 447 2633 me
462 2575 642 2653 conscriptae
654 2576 820 2649 ederentur,
835 2595 903 2634 eum
916 2575 957 2634 ita
966 2577 1054 2634 modo
1066 2576 1145 2634 viros
1156 2575 1271 2648 doctos,

147 2683 186 2740 sd
197 2700 271 2756 quos
282 2682 333 2740 ille
348 2683 466 2742 libellus
476 2685 653 2761 perveniret,
665 2686 756 2743 totius
766 2683 824 2744 mei
834 2685 947 2744 consilii
957 2686 1094 2755 certiores
1108 2684 1173 2744 lieri
1181 2701 1272 2763 posse

146 2791 352 2866 intelligerem,
367 2792 476 2851 librum
493 2793 630 2853 XXXV.
647 2803 677 2852 et
690 2795 784 2870 ipsam
798 2793 888 2852 Plinii
900 2793 1111 2872 praelationem
1127 2793 1272 2853 escriniis

145 2901 221 2959 meis
236 2900 329 2974 emisi,
350 2898 446 2974 illum,
468 2909 502 2962 ut
521 2902 591 2978 quid
610 2922 663 2980 per
682 2904 811 2962 codicem
829 2900 1078 2980 Bambergensem
1095 2903 1189 2962 oratio
1202 2902 1271 2963 Pli-

144 3010 232 3070 niana
241 3012 408 3070 lucraretur
418 3014 578 3090 patefieret,
593 3012 678 3086 hano,
694 3021 728 3072 ut
742 3014 935 3085 ostenderem,
950 3013 1022 3088 quid
1034 3011 1087 3072 illo
1099 3013 1271 3071 adiumento

146 3121 265 3197 egregio
286 3123 443 3181 destitutus
453 3131 606 3199 praestare
620 3141 746 3199 possem.
773 3120 863 3181 Hunc
877 3121 1122 3197 qualemcumque
1135 3120 1270 3182 h'bellum

145 3248 211 3287 cum
226 3229 405 3305 praelatione
419 3248 485 3290 mee
499 3232 554 3290 toti
572 3231 654 3307 operi
672 3230 885 3307 praemittenda
904 3231 1014 3290 nomini
1023 3229 1204 3289 Ludovici
1224 3230 1270 3291 de

144 3337 208 3395 Ian
221 3338 366 3415 inscripsi,
374 3339 421 3397 coi
430 3340 614 3416 potissimum
624 3340 688 3398 viro
700 3341 807 3399 eximio
819 3349 848 3400 et
858 3341 895 3399 de
901 3339 1010 3413 Plinio,
1016 3340 1061 3399 uti
1071 3356 1162 3417 supra
1169 3338 1269 3412 docui,

142 3445 294 3522 insignitor
307 3447 412 3505 merito
432 3446 621 3506 enodationis
642 3466 724 3507 meae
741 3450 772 3507 in
785 3448 885 3509 Plinio
905 3446 1018 3508 edendo
1035 3449 1179 3508 rationem
1195 3449 1269 3508 red·

143 3556 266 3614 dendam
275 3574 338 3616 esse
348 3555 497 3632 putabam.
508 3556 576 3614 Iure
587 3557 662 3615 enim
674 3575 729 3616 suo
739 3567 909 3636 exspectare
918 3564 1043 3636 poterat,
1051 3556 1116 3617 fore
1121 3565 1156 3615 ut
1163 3558 1270 3633 ingen·

142 3665 180 3722 tis
201 3661 307 3742 operae
320 3684 339 3724 a
353 3683 384 3724 se
398 3665 545 3740 quondam
564 3664 594 3724 in
615 3677 759 3744 apparatu
779 3668 878 3727 critico
897 3666 1064 3744 colligendo
1083 3667 1195 3743 positae
1207 3666 1269 3725 ali-

143 3772 209 3847 quis
223 3773 338 3832 fructus
349 3774 507 3850 aliquando
521 3775 658 3852 prodiret.
678 3773 813 3835 Libellus
823 3777 916 3852 igitur
925 3776 1003 3855 typis
1015 3792 1142 3835 excums
1153 3785 1184 3834 et
1197 3792 1272 3836 eum-

143 3882 213 3941 setis
228 3883 327 3941 multis
341 3883 413 3942 viris
427 3883 518 3943 doctis
533 3886 761 3945 communicatus
773 3905 840 3945 cum
850 3893 978 3963 quantus
988 3903 1130 3945 numerus
1140 3886 1270 3963 optimo·

141 4010 209 4049 rum
224 3992 356 4050 codicum
371 3992 408 4050 ad
422 3993 550 4052 Plinium
566 3996 777 4054 emendandum
793 4013 812 4053 a
827 3996 912 4056 nobis
923 3996 1072 4056 adhibitus
1083 4003 1161 4064 asset
1174 3994 1267 4055 lecte·

140 4119 189 4159 res
204 4102 329 4173 doceret,
346 4120 412 4161 oum
426 4104 457 4160 in
471 4103 535 4162 aliis
550 4122 652 4163 eorum
668 4102 741 4182 (vid.
757 4104 884 4165 Ioann.
901 4103 981 4165 Chr.
996 4104 1069 4165 Pel.
1084 4104 1268 4164 Blihrium

140 4212 170 4269 in
185 4212 283 4270 annal.
298 4210 488 4290 Heidelberg.
505 4208 598 4274 1849.
613 4232 658 4272 nr.
675 4208 822 4288 32..34.,
843 4214 985 4275 Frider.
1002 4213 1098 4274 Guil.
1116 4212 1267 4275 Schnei-
