2714 4710
135 313 238 355 LXXVI
600 309 789 354 nummo.
888 342 891 347 .

51 503 57 509 -
135 464 319 542 gravioribus
343 463 466 523 lectores
487 479 588 524 omnes
607 463 738 523 omnium
757 462 892 522 eodieum
910 460 1069 538 seripturas
1094 460 1258 538 edseiiptas

135 550 311 646 invenerint,
327 573 432 632 deiide
442 591 508 632 mee
521 573 552 631 in
563 574 666 633 eeteris
679 573 752 632 loeis
765 572 855 649 longe
868 571 1003 649 pluribus
1016 571 1159 648 preosfite
1171 571 1257 631 dubi-

134 692 200 743 tare
220 683 316 742 nolint
320 699 330 753 3
345 701 384 741 ex
398 681 514 742 silentio
528 700 595 741 meo
608 681 645 741 de
659 682 809 742 codicibus
822 681 906 741 initio
917 681 1102 756 singulorum
1111 680 1258 741 librorum

134 792 290 852 nominetis
305 797 385 852 nerto
399 790 496 868 eolligi
510 798 620 868 potest,
639 792 753 851 eodiees
766 791 798 850 in
812 789 936 868 singulis
948 789 1184 850 adnotatiombus
1198 808 1258 850 non

134 901 300 961 nominatos
318 901 480 978 scripturae
500 919 520 959 a
538 919 585 960 me
603 910 737 978 receptae
756 900 928 960 eonsentire.
950 897 1008 973 Qui
1020 900 1112 975 igitur
1124 899 1257 976 ambigit,

135 1011 256 1086 quinam
276 1009 388 1069 eo'diees
407 1028 466 1069 non
484 1009 625 1070 nomineti
643 1009 775 1085 aliquam
789 1009 942 1069 lectionem
955 1007 1093 1081 habeant,
1111 1009 1192 1068 ised
1204 1009 1259 1068 ini·

134 1120 210 1179 tium
221 1118 405 1195 singulorum
418 1119 562 1179 librorum
574 1120 676 1179 redeet
690 1129 721 1180 et
733 1136 808 1194 quos
825 1119 867 1178 abi
880 1123 959 1178 totos
973 1134 1112 1177 exeuseoe
1127 1114 1205 1195 (sive
1218 1117 1259 1176 ed

135 1235 231 1288 totum
244 1227 353 1288 librum
364 1229 426 1287 sive
435 1229 475 1288 ad
484 1228 614 1304 aliquam
629 1229 691 1288 eius
701 1221 833 1307 purtem)
843 1227 915 1300 dixi,
929 1245 1031 1287 eorum
1040 1243 1116 1302 quos
1127 1227 1260 1287 lemmati

128 1331 196 1396 'non
215 1337 394 1414 subscriptos
413 1337 559 1396 invenerit
578 1355 646 1396 eum
664 1355 700 1396 eo
718 1337 882 1396 consentire
903 1335 1039 1397 eonfidst.
1066 1333 1123 1408 Ita,
1143 1340 1179 1393 ut
1196 1352 1258 1394 nno

137 1453 217 1506 eerte
232 1447 368 1523 exemplo
382 1445 516 1522 epposito
529 1464 646 1505 omnem
659 1445 763 1504 lectori
776 1444 989 1504 dubitationem
1002 1443 1141 1516 eximam
1154 1443 1186 1501 in
1198 1443 1258 1502 ini·

137 1555 179 1614 tio
192 1554 260 1614 libn'
273 1549 325 1615 32.
340 1553 402 1613 dixi
412 1560 490 1613 totos
505 1571 646 1614 excussos
660 1573 727 1614 esse
739 1547 866 1614 BVRd
874 1571 884 1624 3
899 1553 959 1612 iam
973 1553 1036 1612 eine
1051 1556 1067 1622 ς
1079 1547 1130 1611 11.
1143 1551 1257 1611 inveni-

136 1670 187 1723 tur
199 1664 350 1724 adnotatio
363 1664 557 1740 „benefieim
568 1663 608 1724 V.
630 1665 766 1740 dejiciunt,
780 1661 836 1733 B”;
855 1662 924 1721 inde
938 1660 1071 1738 sequitur
1083 1661 1260 1738 smiptmum

137 1774 291 1848 vulgatam
309 1775 474 1849 veneficium
490 1774 676 1849 eomprobari
695 1791 715 1830 a
734 1771 800 1830 Rd.
822 1770 906 1830 Idem
926 1770 1007 1830 valet
1025 1771 1064 1829 de
1083 1768 1259 1829 editionibus

137 1880 367 1957 Daleeempiena
381 1875 433 1961 (β)
449 1889 479 1938 et
491 1879 664 1941 Broteriane
678 1878 734 1959 (γ),
749 1899 876 1956 quarum
894 1880 972 1956 sigla
986 1878 1012 1938 si
1027 1880 1060 1938 in
1072 1879 1261 1939 adnotatione

137 1991 205 2066 ipsa
215 1987 383 2061 retinentur,
396 2007 463 2048 mee
475 1989 563 2070 editio
574 2007 642 2048 eum
651 1989 710 2048 illis
727 1991 881 2061 consentit,
897 1989 942 2047 uti
951 1983 1005 2061 34,
1018 1983 1089 2048 107.
1101 2006 1168 2048 eum
1180 1988 1260 2076 eodi-
1304 2053 1310 2065 ,

139 2113 189 2156 ees
208 2103 261 2156 aut
273 2100 368 2157 ueniet
386 2104 439 2156 aut
451 2109 568 2157 veneant
586 2098 722 2170 hebeent,
743 2098 775 2157 in
792 2099 858 2175 ipse
876 2104 977 2157 autem
997 2096 1123 2157 editione
1140 2097 1262 2173 legetur

138 2215 237 2266 emat
249 2211 354 2264 neutro
366 2204 487 2265 illorum
501 2205 645 2283 siglorum
658 2208 802 2283 apposito,
813 2225 861 2266 me
874 2224 894 2265 e
904 2207 1026 2283 vulgate
1038 2201 1149 2286 βγιιοιι
1160 2222 1260 2281 reeese

139 2315 213 2375 nisse
225 2315 384 2386 indieatur3
405 2315 432 2375 ei
445 2333 506 2375 una
518 2315 651 2375 alterave
663 2323 717 2375 aut
736 2324 860 2392 unaque
874 2315 1007 2393 apposite
1026 2314 1185 2386 invenitur,
1204 2314 1261 2373 eli·

139 2425 210 2499 quid
222 2444 242 2483 a
255 2443 322 2484 mea
334 2425 463 2485 editione
476 2425 586 2484 diversi
597 2425 630 2484 in
642 2426 701 2484 illis
715 2430 823 2485 exstat.
844 2422 970 2484 Numeri
987 2425 996 2462 ¹
1008 2430 1040 2482 et
1052 2424 1066 2463 ²
1079 2422 1163 2499 siglis
1177 2422 1261 2482 eodi-

140 2551 207 2593 eum
220 2533 346 2611 appositi
358 2535 485 2611 primum
499 2535 548 2594 vel
561 2535 686 2595 alteram
699 2553 802 2594 eorum
815 2550 936 2595 manum
953 2532 1097 2603 indieent3
1111 2529 1158 2588 Κι
1171 2539 1202 2591 et
1212 2530 1263 2590 Κ2

140 2642 305 2715 significant
322 2639 579 2719 Deleeampiume
599 2646 659 2706 Vet.
674 2644 750 2703 duas
770 2634 907 2720 deineeps
927 2643 1067 2703 lectiones
1081 2658 1261 2701 commemo·

139 2767 233 2809 rasse.
260 2749 298 2807 In
311 2749 395 2810 libris
408 2751 535 2825 denique
547 2752 668 2826 miginta
680 2752 827 2829 prioribus
840 2752 991 2812 interdum
1005 2751 1144 2812 lectiones
1157 2751 1262 2810 onno-

139 2859 297 2935 gmphiees
307 2859 456 2943 adnotavi,
471 2860 522 2920 ubi
532 2877 584 2919 eae
594 2879 613 2918 e
623 2862 770 2920 eommuni
785 2863 932 2922 seribendi
942 2878 1051 2937 genere
1060 2860 1151 2938 paulo
1165 2860 1263 2936 magis

140 2969 311 3029 reoedentes
328 2976 427 3028 tamen
445 2969 615 3045 exlegibus
637 2971 728 3030 semel
745 2971 819 3030 mihi
839 2971 953 3048 seiiptie
967 2970 1149 3046 recipiendae
1167 2975 1263 3030 mant.

140 3078 211 3138 Non
230 3098 299 3139 raro
318 3079 449 3139 lemmeti
466 3080 556 3139 elicui
569 3098 677 3140 nomen
691 3080 748 3141 viri
766 3069 892 3139 alieuius
912 3080 1000 3151 donli,
1020 3079 1112 3139 veluti
1126 3077 1263 3150 Buten,

140 3186 281 3260 Pintieni,
303 3188 482 3266 adscriptum
495 3196 541 3249 est
554 3190 638 3250 nulle
650 3208 746 3267 neque
760 3191 892 3250 eodieum
905 3207 1001 3264 neque
1014 3188 1174 3248 editionum
1191 3170 1265 3245 note

141 3296 255 3365 seem
281 3296 392 3355 scilieet
410 3296 455 3356 nu
473 3298 529 3357 vni
546 3298 624 3358 eom
643 3317 697 3376 per
716 3282 914 3359 teneuram
933 3317 1018 3359 suam
1036 3297 1266 3357 emendaverant

141 3411 290 3464 vetustem
310 3403 439 3479 aliquam
459 3405 625 3477 editionem,
647 3424 722 3481 quae
735 3409 900 3469 emendatio
917 3409 949 3466 in
970 3407 1111 3466 editiones
1124 3405 1265 3482 vulgatus

143 3517 262 3589 reoepte
275 3529 354 3571 nune
366 3513 485 3572 demum
498 3531 518 3571 a
531 3513 679 3574 eodieibus
691 3517 764 3576 meis
778 3525 825 3576 est
838 3519 1037 3595 eomprobete.
1063 3515 1181 3575 Nomen
1194 3514 1264 3574 talis

144 3623 202 3682 viri
215 3621 303 3693 doeti,
318 3621 409 3682 eritiei
422 3621 502 3681 aeuti
517 3628 548 3679 et
561 3624 675 3698 sagacis
690 3624 822 3686 omittere
836 3644 943 3702 parum
956 3643 1084 3702 aequum
1097 3630 1177 3696 erat3
1193 3623 1266 3697 quid

143 3732 175 3791 in
188 3732 247 3791 illis
260 3731 331 3792 loeis
346 3730 490 3791 editiones
504 3737 638 3791 vetustae
651 3732 817 3806 habuerint,
833 3752 949 3813 semper
961 3734 1141 3808 investigare
1156 3750 1264 3811 operae

143 3840 271 3917 pretium
285 3859 344 3900 non
358 3840 524 3901 videbatur.
550 3841 611 3902 Ubi
629 3848 728 3901 autem
748 3844 879 3904 nodioum
891 3845 924 3904 in
937 3844 1069 3906 diverses
1082 3847 1182 3918 partes
1195 3843 1265 3901 abe·

144 3950 261 4010 nntium
281 3948 332 4010 alii
352 3948 549 4010 coniecturam
569 3950 625 4011 viri
651 3951 730 4011 doeti
747 3954 973 4026 confirmabant,
994 3953 1046 4012 elii
1065 3951 1125 4015 ulia
1145 3950 1267 4011 exhibe·

145 4061 227 4130 bunt,
237 4058 347 4119 nomini
357 4058 450 4119 eritioi
460 4058 537 4135 sigla
552 4060 671 4120 illorum
681 4060 825 4122 librorum
839 4062 946 4122 addidi.
968 4060 1136 4135 Aliquoties
1147 4060 1266 4120 nomina

145 4167 276 4229 vitorum
295 4169 458 4241 doctorum,
478 4169 529 4244 qui
543 4169 641 4232 loeum
654 4171 780 4246 aliquem
796 4172 989 4232 emendarunt
1007 4179 1060 4231 eut
1077 4178 1158 4232 certe
1172 4169 1266 4230 oonie·
