2714 4710
155 281 196 343 48
504 294 707 342 narranaam
730 293 925 341 maronam

157 446 216 511 eho
239 445 294 531 qui
316 445 404 524 item,
433 445 591 531 Dionysio
619 445 674 529 qui
694 443 870 531 Magonem
900 445 1072 524 transtulit,
1101 444 1276 531 Diophane

157 548 213 632 qui
227 570 269 612 ex
282 547 440 633 Dionysio
460 547 619 633 epitomen
629 549 655 586 ⁹⁵
669 546 761 623 fecit,
778 545 969 612 Aristandro
984 547 1040 631 qui
1054 546 1095 612 de
1109 547 1277 633 portentis.

356 716 506 792 LIBRO
534 716 670 790 XVIII.
701 716 1074 792 ΟΟΝΤΙΝΕΝΤΠΒ1

156 850 372 934 Antiquarum
394 847 536 913 studium
556 847 591 911 in
612 847 817 934 agriculture
845 844 939 928 Quae
960 846 1064 935 prima
1077 847 1200 917 Rerum
1221 873 1276 916 oo-

155 974 249 1028 rona3
282 949 323 1014 de
352 948 459 1034 spicea
485 970 600 1013 corona
610 955 632 1012 ².
664 948 717 1015 De
745 949 868 1036 iugero.
905 946 1066 1029 Quotiens
1094 960 1128 1015 et
1157 949 1277 1034 quibus

155 1051 352 1137 temporibus
379 1049 476 1114 suerit
503 1071 627 1113 summa
654 1048 761 1113 vilitas
782 1072 937 1114 annonae.
971 1046 1039 1130 Qui
1060 1049 1212 1116 inlustres
1235 1051 1276 1117 de

154 1152 350 1238 agricultura
360 1159 382 1216 ³.
416 1149 511 1232 Quae
533 1149 733 1215 observanda
759 1149 793 1212 in
814 1171 892 1235 agro
919 1150 1074 1236 parando.
1105 1151 1160 1219 De
1181 1152 1276 1219 villa-

154 1276 227 1318 rum
248 1252 415 1338 positione.
441 1251 620 1335 Praecepta
642 1250 847 1333 antiquorum
869 1251 910 1316 de
932 1273 1010 1337 agro
1032 1251 1175 1318 colendo.
1204 1250 1276 1320 Ge*

154 1376 232 1419 nera
256 1354 394 1439 frugum.
427 1351 581 1428 Naturae,
602 1373 662 1437 per
682 1373 817 1437 genera:
848 1352 1010 1432 iumenti,
1032 1352 1194 1432 deferre,
1217 1353 1275 1417 tri·

156 1454 218 1519 tico
229 1461 250 1531 ⁴,
268 1454 386 1518 hordeo
396 1460 418 1530 ⁵,
441 1475 540 1536 oryza
549 1458 572 1530 ὓ,
589 1452 729 1537 polenta,
746 1452 883 1537 ptisana,
902 1465 1004 1541 trago,
1026 1454 1143 1539 amylo,
1165 1453 1277 1520 arinca

157 1554 226 1619 sive
247 1555 337 1638 olyra
347 1560 369 1631 ³,
392 1554 514 1618 semine
537 1553 605 1618 sive
627 1576 685 1618 zea
693 1560 715 1616 ⁸.
748 1553 801 1618 De
822 1554 954 1638 reliquis
975 1555 1009 1619 in
1030 1555 1152 1620 oriente
1174 1576 1276 1640 gene-

156 1656 247 1722 ribus
256 1663 278 1721 ⁰.
299 1654 353 1720 De
375 1654 511 1742 siligine.
533 1654 586 1719 De
608 1654 786 1741 similagine
795 1658 830 1720 ¹⁰.
852 1654 906 1720 De
928 1678 1052 1721 sesama
1062 1658 1097 1719 ¹¹.
1123 1653 1178 1720 De
1200 1678 1277 1741 ery-

157 1757 236 1823 simo
266 1756 334 1821 sive
362 1755 472 1821 irione.
507 1754 560 1820 Dc
588 1754 775 1821 horminoR
811 1755 864 1822 De
890 1756 1022 1842 pisturis
1031 1760 1066 1821 ¹³.
1101 1754 1154 1821 De
1175 1755 1276 1836 milio,

155 1857 279 1943 panico.
323 1855 375 1920 De
408 1855 585 1920 fermentis.
628 1855 728 1920 Panis
760 1855 900 1923 faciendi
931 1856 1013 1922 ratio
1045 1867 1077 1922 et
1109 1877 1231 1943 genera
1240 1859 1277 1921 ¹⁴.

158 1954 297 2037 Quando
318 1955 474 2041 pistorum
495 1955 622 2019 initium
643 1955 774 2021 Romae.
795 1955 849 2021 De
866 1957 1094 2043 leguminibus.
1120 1956 1175 2022 De
1189 1957 1277 2024 faba.

155 2057 209 2122 De
234 2058 329 2123 lente.
361 2056 415 2123 De
440 2055 511 2141 piso
521 2058 555 2118 ¹⁶.
584 2053 708 2121 Ciceris
735 2079 866 2144 genera.
897 2056 1070 2123 Faseoli¹⁶.
1096 2056 1150 2123 De
1176 2058 1276 2144 rapis,

156 2157 259 2242 napis,
282 2156 401 2242 lupino.
423 2155 527 2221 Vicia.
549 2153 669 2220 Ervom
680 2160 714 2221 ¹⁷.
737 2154 858 2223 silicia.
882 2155 996 2224 Secale
1018 2157 1084 2222 sive
1107 2156 1186 2222 asia.
1207 2157 1277 2223 Pa-

155 2257 324 2325 bularia¹⁸.
345 2255 501 2341 Farrago.
525 2252 693 2322 Cracca¹⁹.
714 2257 767 2324 De
782 2281 906 2342 ocymo,
928 2257 1049 2336 ervilia,
1064 2257 1200 2324 medica
1220 2256 1278 2325 De

157 2383 269 2426 avena.
300 2357 408 2425 Morbi
437 2357 586 2444 frugum3
616 2358 767 2424 remedia.
799 2356 922 2438 QuidI⁰
950 2358 984 2423 in
1013 2379 1141 2443 quoque
1171 2368 1279 2427 terrae

158 2482 314 2547 generum
336 2460 451 2525 debeat
472 2459 549 2537 seri3
580 2457 750 2523 diversitas
771 2459 917 2547 gentium
937 2459 972 2524 in
993 2459 1179 2526 sationibus.
1205 2459 1277 2527 Vo-

157 2583 282 2625 merum
308 2583 437 2645 genera.
473 2558 569 2624 Ratio
591 2560 712 2624 arandi.
748 2559 801 2624 De
823 2561 979 2639 oocando,
1002 2561 1184 2639 runcando,
1206 2582 1278 2625 sar-

158 2659 279 2724 riendo.
304 2658 358 2724 De
380 2658 556 2723 cratitione.
584 2659 638 2724 De
660 2683 785 2725 summa
807 2661 972 2726 fertilitate
994 2660 1062 2726 soli.
1084 2660 1181 2727 Retio
1202 2683 1277 2727 sae-

58 2809 60 2815 .
157 2759 232 2846 pius
254 2781 336 2824 anno
359 2759 486 2824 serendi
495 2762 530 2823 ²¹.
560 2756 766 2825 Stercoratio.
790 2757 956 2825 Seminum
976 2760 1133 2847 probatio.
1161 2759 1278 2842 Quan-

157 2869 226 2925 tum
256 2882 297 2925 ex
326 2883 452 2945 quoque
481 2881 599 2945 genere
629 2861 782 2925 frumenti
811 2860 845 2924 in
864 2861 977 2948 iugero
1007 2861 1187 2928 serendum.
1221 2863 1279 2930 De

157 2963 353 3050 temporibus
375 2961 511 3029 serendi
546 2960 697 3049 Digestio
719 2962 859 3027 siderum
880 2961 914 3024 in
940 2962 1009 3028 dies
1031 2973 1063 3028 et
1083 2963 1187 3028 noctis
1209 2974 1277 3029 ter·

156 3064 277 3129 restris.
307 3063 359 3130 De
380 3086 543 3152 papavere
552 3067 586 3128 ²².
608 3063 729 3128 Rerum
749 3063 784 3126 in
805 3084 883 3150 agro
905 3063 1119 3149 agendarum,
1142 3063 1279 3149 etquid

157 3187 284 3250 quoque
305 3186 414 3230 mense
435 3166 469 3229 in
490 3188 567 3252 agro
588 3165 658 3230 fieri
680 3174 835 3249 oporteat.
856 3162 910 3229 De
932 3164 1036 3229 faeno.
1060 3161 1188 3230 Causae
1207 3175 1278 3232 ste-

155 3265 327 3341 rilitatum3
350 3265 502 3329 remedia.
522 3265 576 3330 De
597 3264 765 3330 messibus.
786 3263 839 3329 De
855 3263 1015 3328 frumento
1030 3265 1199 3332 servando.
1220 3265 1278 3333 De

190 3441 230 3485 25.
249 3435 368 3500 epitomen,
380 3436 411 3484 T.
430 3436 540 3499 epitoma,
551 3433 625 3482 Rad.

189 3503 233 3553 Aa
243 3503 350 3552 indicem
363 3503 420 3552 libri
431 3500 532 3552 XVIII.
546 3500 642 3549 contuli
654 3502 754 3551 RTad.

191 3577 213 3620 1.
230 3572 381 3631 continentur,
398 3571 449 3620 Ra.
472 3568 616 3618 continentur
632 3579 735 3618 naturae
742 3570 859 3637 frugum,
876 3574 899 3622 d.
917 3574 958 3624 De
974 3572 998 3622 Τ
1013 3587 1053 3623 res
1064 3573 1168 3623 ineerta.
1202 3565 1236 3622 2.
1247 3573 1279 3625 de

155 3637 237 3703 spicea
248 3655 343 3698 corone,
355 3638 387 3686 R.
406 3636 435 3685 de
443 3636 528 3700 piscem
539 3652 634 3696 corone,
647 3653 669 3685 a.
688 3639 776 3702 spicea,
789 3640 842 3688 Td.
879 3646 902 3689 3.
926 3639 1147 3705 wmcnmrm'l'm
1171 3640 1279 3706 apricul-

155 3713 210 3754 tnra
223 3708 250 3769 3⁴,
263 3707 295 3755 R.
313 3703 461 3770 agricultura
468 3704 641 3768 praeceperint,
654 3705 678 3752 d.
701 3712 725 3753 4.
738 3706 822 3766 tritico,
834 3707 885 3756 Ra.
904 3706 934 3756 de
945 3707 1029 3768 tritico,
1039 3706 1092 3757 Td.
1116 3713 1139 3757 5.
1151 3707 1234 3769 ordeo,
1243 3709 1278 3759 R.

156 3776 179 3821 6.
197 3772 369 3837 oryza,Hard.
382 3771 508 3831 esaiani
522 3770 627 3831 videtur,
641 3774 713 3820 codd.
732 3772 819 3821 Omitt.
832 3773 935 3823 RTad.
977 3777 999 3825 ⁷.
1017 3775 1068 3823 aiae
1085 3773 1163 3841 olyra,
1174 3775 1207 3824 R
1225 3777 1280 3826 cine

154 3837 229 3899 olera,
249 3854 272 3888 a.
293 3837 381 3889 emin
394 3837 446 3887 Td.
468 3840 525 3900 Ego
546 3838 679 3887 deleverim
700 3840 757 3900 rive,
779 3840 839 3902 qnia
853 3841 908 3903 ipse
922 3841 990 3890 Plin.
1009 3847 1049 3903 ls,
1066 3847 1107 3891 81.
1125 3841 1236 3891 arincam
1252 3851 1280 3893 et

154 3905 246 3972 olyram
258 3906 355 3955 diversa
366 3905 485 3955 frumenti
497 3921 589 3968 genera
605 3907 673 3955 dicit.
713 3912 736 3955 8.
750 3906 836 3956 nemine
847 3909 897 3957 aive
909 3925 960 3968 zen,
972 3909 1004 3958 R.
1022 3909 1114 3959 semino
1125 3908 1176 3958 aive
1187 3925 1242 3971 zea,
1253 3925 1279 3960 s..

153 3990 198 4022 een
209 3974 259 4023 aive
270 3973 363 4032 semine,
375 3973 427 4022 Ta.
463 3979 486 4023 9.
503 3975 544 4024 De
556 3973 653 4036 reliquia
667 4013 697 4021 -
705 3974 836 4038 generabar,
848 3975 901 4023 Ra.
913 3975 985 4024 Pons
996 3975 1130 4041 similagine
1146 3976 1281 4029 collocant

154 4038 206 4088 Td.
243 4047 282 4089 10.
300 4040 340 4089 De
357 4039 456 4106 siligine.
474 4042 515 4091 De
525 4040 666 4106 similagine,
678 4040 709 4088 T.
728 4040 820 4106 riliqine
836 4041 977 4108 similagine,
994 4044 1073 4104 Rad3
1096 4045 1140 4093 sed
1150 4044 1280 4106 Rapone

154 4106 232 4172 amylo
249 4108 379 4156 collocant
394 4107 447 4156 hoc
457 4108 558 4157 lemma.
574 4108 647 4156 Pone
659 4107 790 4173 rimilaqine
802 4108 880 4158 habet
897 4109 966 4174 olyra
983 4110 1014 4159 T.
1052 4117 1091 4161 11.
1109 4109 1211 4172 amma,
1222 4111 1279 4162 Ba.

155 4179 194 4223 12.
213 4173 325 4236 immine,
341 4176 365 4224 d.
383 4176 479 4237 ormino,
496 4174 546 4224 Ta.
565 4174 645 4236 ormio,
657 4175 689 4225 R.
726 4181 765 4224 13.
783 4175 823 4225 De
835 4176 951 4239 picturam
963 4177 1015 4227 hoe
1025 4178 1120 4227 lemma
1136 4176 1219 4228 verbis
1236 4178 1281 4231 De

153 4241 240 4291 recitem
256 4242 420 4306 praemittunt
436 4243 488 4292 Ra.
530 4247 568 4291 14.
586 4258 686 4306 genere,
702 4243 755 4292 Ra
779 4243 853 4313 oripo,
869 4242 923 4293 Td.
965 4248 1003 4292 15.
1022 4243 1062 4294 De
1078 4244 1143 4294 Ietta
1161 4245 1204 4296 De
1211 4245 1279 4310 ρι’ω,
