2714 4710
390 293 461 340 ara.
478 293 529 340 111.
558 291 636 340 aar.
652 294 703 343 111.
719 295 767 342 w.
797 295 895 344 sacr.
910 299 929 341 4.
944 300 963 342 s.
1091 321 1093 325 -
1175 283 1235 348 221

117 443 210 529 perio
231 443 332 529 iugis,
356 464 376 506 a
396 442 519 526 reliqua
538 465 614 509 vero
635 440 741 509 Gallia
760 446 860 511 latere
883 449 1123 532 septentrionali
1144 474 1236 517 mon-

80 613 83 618 ,
120 543 207 608 tibus
223 539 380 610 Cebenna
394 553 427 607 et
440 543 581 622 Iuribus,
601 567 751 632 agrorum
771 547 870 625 cultu,
893 548 1035 612 virorum
1049 572 1237 635 morumque

118 643 319 732 dignatione,
342 643 552 729 amplitudine
570 667 667 731 opum
688 646 766 711 nulli
780 648 1017 733 provinciarum
1030 651 1237 734 postferenda

116 744 322 827 breviterque
343 743 438 809 Italia
458 747 567 810 verius
588 768 688 830 quam
706 748 881 833 provincia.
908 748 947 812 In
968 771 1024 814 ora
1044 751 1135 839 regio
1157 749 1236 841 Sor·
1250 773 1283 817 aa

117 845 237 910 donum
257 845 408 929 intusque
431 845 727 926 Consuaranorum,
749 847 881 914 flumina
901 848 1039 928 Tecum,
1062 851 1238 917 Vernodu-

42 1031 45 1035 ,
115 944 229 1024 brum,
251 942 371 1030 oppida
391 946 541 1026 Illiberis,
563 971 700 1034 magnae
723 949 885 1033 quondam
905 949 995 1016 urbis
1018 962 1114 1016 tenue
1136 953 1236 1018 vesti·

116 1045 218 1132 gium‚
230 1044 373 1111 Ruscino
384 1046 584 1127 Latinorum,
597 1049 715 1115 flumen
725 1050 816 1115 Atax
827 1071 845 1115 e
856 1049 1025 1134 Pyrenaeo
1035 1050 1237 1119 Rubrensem

116 1169 286 1231 permeans
307 1148 423 1225 lacum,
446 1147 556 1214 Narbo
569 1149 711 1217 Martius
726 1151 975 1216 decumanorum
989 1153 1122 1232 colonia,
1144 1172 1236 1219 xum

116 1269 203 1332 pass.
233 1267 253 1311 a
279 1247 360 1310 mari
389 1247 529 1328 distans,
557 1249 689 1316 flumina
714 1251 869 1330 Areum,
896 1251 997 1319 Liria.
1039 1250 1170 1340 Oppida
1195 1255 1235 1321 de
1249 1260 1297 1321 aa*

117 1357 223 1412 cetero
244 1371 334 1426 rara,
356 1348 615 1432 praeiacentibus
637 1352 776 1439 stagnis:
809 1351 941 1442 Agatha
963 1353 1125 1436 quondam
1143 1352 1237 1419 Mas·

116 1448 295 1514 siliensium
320 1458 354 1514 et
372 1441 468 1537 ¹regio
489 1450 663 1518 Volcarum
684 1451 901 1541 Tectosagum
926 1463 1022 1538 atque
1044 1455 1100 1520 ubi
1121 1454 1236 1519 Rhoda

106 1548 314 1624 „Rhodiorum
336 1549 417 1628 fuit,
443 1551 530 1616 unde
557 1552 663 1617 dictus
688 1553 788 1619 multo
815 1551 994 1620 Gallianum
1021 1555 1237 1620 fertilissimus

115 1649 292 1715 Rhodanus
314 1651 427 1731 aninis,
451 1675 491 1729 ex
512 1653 654 1739 Alpibus
677 1676 711 1718 se
732 1654 861 1739 rapiens
883 1676 943 1739 per
962 1654 1167 1725 Lemannum
1187 1657 1236 1720 la·

116 1773 190 1816 eum
208 1773 405 1838 segnemque
425 1753 573 1819 deferens
586 1754 717 1819 Ararim
737 1777 797 1820 nec
815 1755 921 1820 minus
941 1777 976 1820 se
995 1757 1066 1841 ipso
1088 1755 1236 1820 torrentis

113 1851 248 1931 Isaram,
264 1852 465 1918 Druentiam.
493 1854 610 1942 Libica
625 1857 827 1943 appellantur
843 1857 907 1920 duo
930 1854 999 1921 eius
1021 1879 1077 1926 ora
1098 1856 1235 1935 modica,

114 1975 156 2017 ex
184 1952 236 2017 his
264 1955 400 2018 alterum
426 1953 660 2040 Hispaniense,
691 1958 827 2021 alterum
854 1953 1075 2043 Metapinum
1107 1957 1236 2022 tertium

113 2053 266 2137 idemque
287 2053 520 2139 amplissimum
540 2053 805 2121 Massalioticum.
835 2053 920 2120 Sunt
941 2068 1089 2123 auctores
1113 2068 1144 2122 et
1163 2057 1234 2123 He-

113 2155 254 2219 racleam
280 2154 435 2241 oppidum
462 2155 496 2218 in
522 2157 603 2221 ostio
624 2157 772 2221 Rhodani
799 2157 911 2224 fuisse.
949 2157 1045 2222 Ultra
1066 2159 1172 2224 fossae
1195 2182 1234 2224 ex
1248 2181 1282 2225 as

114 2254 270 2320 Rhodano
293 2253 331 2320 O.
353 2253 440 2319 Mari
467 2278 564 2341 opere
590 2266 622 2320 et
646 2257 774 2322 nomine
800 2258 958 2344 insignes,
987 2269 1137 2346 stagnum
1158 2259 1234 2323 Ma-

113 2357 284 2435 stramela,
317 2356 472 2442 oppidum
498 2354 663 2420 Maritima
693 2357 902 2422 Auaticorum
933 2380 1094 2443 superque
1130 2360 1235 2444 campi
1320 2397 1321 2400 κ

147 2496 162 2556 5
180 2503 221 2548 82.
238 2493 387 2558 Sordonum,
405 2499 422 2545 d
437 2494 521 2558 (codd.
537 2498 615 2547 Voss.
632 2497 665 2544 ad
679 2497 740 2546 Mel.
752 2498 787 2546 Π.
801 2502 823 2558 5,
842 2494 879 2558 8.)
904 2493 1045 2559 Serdicam,
1062 2499 1123 2550 R¹.'
1142 2498 1234 2552 Sardi.

113 2566 238 2626 num‚R².
266 2558 475 2627 Sordonumssy.
502 2564 562 2613 Vid.
579 2563 773 2626 Ukert.-geogr.
789 2571 838 2613 vet.
854 2565 890 2615 11.
903 2570 927 2625 2,
940 2571 997 2615 291.
1024 2607 1056 2614 -
1087 2567 1183 2631 Tecum,
1199 2571 1233 2619 A.

117 2628 273 2693 Teium'Rd.
296 2630 415 2693 Tectum,
424 2645 448 2679 a.
470 2628 538 2681 Tulin
549 2631 601 2680 sive
614 2629 715 2693 Tiebr’m,
727 2632 830 2681 Barbar.
843 2633 979 2696 evestigiis
991 2636 1064 2684 codd.
1081 2636 1151 2686 Illud
1162 2651 1233 2699 prae·

113 2699 250 2748 iertetiam
263 2698 341 2749 Ortel.
359 2701 423 2748 thes.
440 2713 526 2761 geogr.
539 2713 593 2748 aa
607 2698 705 2749 Orobis.
725 2739 756 2747 ..
781 2698 970 2762 Vernodubrum,
979 2701 1081 2752 R²Ad
1111 2702 1234 2754 Vernodu-

113 2764 185 2826 bium,
197 2765 222 2815 R
231 2769 247 2814 ¹.
274 2763 467 2826 Nomadum-um,
480 2779 504 2814 a.
530 2763 616 2827 Obrin,
628 2767 733 2816 Barbar.
746 2781 760 2815 e
771 2766 882 2830 vestigiis
899 2770 972 2818 codd.
991 2809 1023 2817 ..
1041 2769 1159 2833 Intueris,
1170 2773 1234 2822 Bar·

112 2835 165 2883 bar.
182 2833 317 2894 Illuebere,
329 2835 361 2882 R.
384 2830 533 2894 Illieeberre,
546 2834 597 2883 Td.
621 2831 773 2894 Illiseberae,
787 2827 845 2883 θΚ.
868 2833 1024 2896 Illeeeberae,
1036 2851 1060 2886 σ.
1082 2837 1233 2899 Elisaberae,

113 2902 146 2949 Δ.
164 2899 314 2961 Eleatem,
332 2900 358 2950 S.
380 2899 515 2960 Elusabere,
528 2902 601 2950 codd.
612 2902 688 2950 Voss.
705 2903 738 2950 ed
752 2901 813 2950 Mel.
830 2901 866 2951 11.
884 2907 907 2961 5,
925 2907 948 2951 8.
968 2942 1000 2950 -
1022 2902 1047 2951 Τ
1089 2906 1182 2965 reo‚R.
1201 2945 1232 2952 -

115 2965 263 3029 Rubrosnm,
274 2969 307 3018 K.
321 3009 353 3016 ..
372 2965 564 3028 Νανόοηανιίιιε,
577 2970 601 3017 d.
619 2965 797 3027 Nar-comum,
810 2968 841 3017 T.
855 3007 887 3014 -
907 2965 1027 3028 Arauris,
1058 2970 1232 3020 uritaaditin.

114 3037 214 3085 Anton.
226 3051 252 3100 p.
266 3041 323 3086 889.
341 3033 444 3095 Araris,
455 3035 530 3085 RAd
543 3031 628 3095 (codd.
641 3032 712 3096 Sur.)
722 3030 751 3094 β.
765 3073 797 3080 -
815 3031 900 3094 Liria,
911 3034 946 3082 A.
963 3033 1058 3095 Labe-ia,
1070 3036 1154 3086 RTd.
1228 3044 1229 3049 ’

146 3101 216 3163 §aa
240 3101 446 3163 Volcarum,Ad.
471 3101 682 3162 Vulaarum,RT.
701 3141 733 3149 ..
755 3100 990 3165 TectosagumAd.
1020 3098 1189 3168 Tectosagum,
1200 3105 1232 3154 Τ.

118 3170 351 3235 TeetunuapumR.
375 3209 406 3218 -
420 3169 593 3232 fluuiua‚Td.
611 3209 642 3216 -
667 3166 791 3228 deserens,
802 3168 868 3217 Rob.
887 3207 919 3216 ..
941 3166 1094 3228 Ararimss.
1119 3169 1232 3234 Ararem,

111 3237 170 3288 Ad.
182 3279 214 3286 -
234 3246 360 3298 torrentes,
372 3229 547 3287 RAOSTor
558 3232 650 3297 (Rob.)
670 3243 802 3295 torrentem,
813 3230 842 3296 β.
860 3275 891 3283 -
908 3234 1018 3296 Isaram,
1030 3237 1112 3288 RTd.
1130 3237 1233 3290 Isaram

112 3313 144 3366 et,
156 3308 182 3355 A
193 3301 287 3367 (Rob.)
298 3301 348 3369 βγ.
362 3345 394 3353 ..
409 3302 565 3363 Druentiam,
578 3305 651 3352 codd.
663 3303 767 3351 Barbar.
779 3300 941 3364 Druantium,
949 3303 1060 3354 RATd.
1081 3305 1233 3368 Truentiam,

112 3385 136 3420 σ.
149 3411 181 3421 ..
193 3370 290 3433 Lebiea,
301 3373 399 3422 Broter.
411 3379 437 3420 et
448 3371 537 3422 Ukert.
549 3385 635 3433 geogr.
647 3378 696 3418 vet.
708 3369 743 3419 11.
756 3376 779 3432 2,
791 3375 848 3419 129.
867 3369 1007 3421 Confirmat
1016 3373 1039 3421 d.
1098 3373 1161 3436 bico,
1170 3374 1232 3426 RA.

111 3437 216 3504 Lrbyca,
228 3436 278 3504 βγ.
301 3437 403 3504 Lipara
419 3440 497 3488 Voss.
509 3441 541 3487 ad
552 3439 613 3488 Mel.
629 3438 664 3488 11.
679 3443 700 3499 5,
714 3444 737 3488 8.
756 3479 787 3486 ..
804 3436 1013 3500 Maaealrbtieum,
1029 3440 1063 3489 A.
1109 3439 1232 3492 asalieoti.

111 3523 172 3569 eum,
183 3508 209 3556 R
219 3508 284 3558 ιΤᾱ.
303 3505 499 3568 Matutinarum,
511 3508 536 3556 R
544 3508 561 3555 ².
578 3506 720 3568 Exseripsit
730 3506 795 3555 haec
804 3506 923 3556 Martian.
936 3511 959 3567 6,
972 3511 1030 3556 685.

145 3573 215 3634 §aa
225 3575 323 3637 fossae,
335 3569 445 3625 RAOd.
456 3574 540 3638 fosse,
553 3569 610 3635 Τβ,
624 3576 693 3636 quod
704 3574 771 3623 Pint.
783 3571 809 3622 et
827 3573 935 3623 Oasaub.
952 3574 985 3622 ad
1001 3573 1083 3623 Strab.
1096 3581 1119 3623 4.
1132 3590 1161 3638 p.
1176 3580 1232 3625 lat.

111 3642 228 3704 probant.
238 3642 346 3704 fossam,
363 3643 396 3690 K.
416 3681 447 3689 ..
469 3638 503 3703 G,
520 3641 603 3691 RAd.
624 3638 782 3704 Opcesuum,
793 3641 861 3690 Pint.
882 3637 903 3688 0
909 3638 1035 3703 passibus,
1053 3641 1142 3690 Ambr.
1155 3641 1232 3703 1.11.,

111 3709 195 3758 Vatia.
208 3714 291 3768 3583,
302 3710 406 3758 Barber.
420 3712 475 3758 758.
488 3717 514 3758 et
525 3709 569 3757 elii
580 3723 620 3771 ap.
632 3709 708 3757 Rana.
730 3707 769 3757 At
778 3707 923 3757 asemas.
936 3721 1017 3755 exerc.
1029 3722 1054 3769 p.
1067 3712 1107 3757 66.
1120 3708 1144 3757 b.
1155 3710 1186 3758 B.
1199 3750 1231 3758 -

112 3773 193 3836 Meri,
204 3775 238 3825 A.
257 3816 288 3824 -
307 3775 421 3839 ineipnes,
439 3779 463 3825 d.
486 3777 588 3841 insipere,
605 3770 663 3836 Ββ,
686 3777 755 3839 quod
770 3775 880 3837 probant
897 3773 1005 3823 casaub.
1026 3782 1052 3822 et
1072 3773 1179 3825 Salmas.
1200 3779 1233 3827 ad

112 3844 243 3907 sequentia
263 3843 406 3892 referentes.
429 3841 541 3906 ineipnr's,
561 3843 628 3891 Pint.
652 3883 683 3890 ..
706 3850 801 3904 stupae,
818 3841 926 3891 Salmas.
951 3880 982 3888 ..
1007 3838 1181 3905 Mastramela,
1197 3843 1231 3894 A.

111 3912 145 3960 Et
161 3912 212 3960 iam
228 3911 296 3959 Pint.
315 3912 347 3959 ad
357 3910 419 3960 Mel.
432 3909 467 3958 11.
485 3915 508 3958 5.
525 3910 667 3957 coniecerat
684 3906 860 3968 Mastramela,
881 3906 998 3956 Holsten.
1014 3922 1073 3957 vero
1094 3911 1127 3958 ad
1142 3910 1231 3974 Steph.

110 3979 173 4042 Byr.
189 3994 215 4042 p.
233 3984 291 4027 200.
313 3985 339 4027 et
356 3976 434 4027 Ortel.
451 3978 517 4026 thes.
535 3989 621 4038 geogr.
634 3990 689 4023 av.
705 3973 853 4024 Astromela
891 3974 1043 4024 raetulerant
1060 3973 1232 4040 Mastromela,
1252 4010 1256 4021 .

112 4050 201 4095 omnes
218 4045 260 4095 his
272 4046 321 4094 nisi
333 4045 463 4108 Stephano
474 4044 581 4106 Byzant.
598 4057 623 4104 p.
641 4047 698 4091 448.
717 3989 928 4106 Mampaue'lilp,
946 4036 1024 4100 πόλις
1034 4037 1079 4090 καὶ
1091 4038 1171 4112 λίμνη
1183 4047 1234 4110 τῆς

112 4105 253 4176 Κελτικῆς,
270 4115 337 4162 unde
350 4113 417 4162 idem
434 4112 552 4161 Holsten.
570 4123 623 4158 non
639 4109 692 4158 sine
707 4107 891 4172 probabilitatis
903 4109 985 4172 specie
1001 4118 1111 4174 scapnam
1128 4121 1151 4162 et
1165 4114 1231 4178 oppi-

112 4177 169 4228 dum
188 4178 435 4242 Mastromela-legit.
459 4176 627 4237 Mastromela,
642 4177 692 4226 R1.
719 4173 866 4236 Astromela
884 4173 980 4238 R²dss.
1000 4218 1031 4226 -
1063 4176 1230 4240 Auaticorum,

112 4247 187 4298 RST
204 4245 289 4308 (codd.
306 4245 423 4308 Barbar.)
444 4245 607 4306 Abun'aorum,
623 4243 657 4294 A.
683 4242 853 4304 Avaricorum,
874 4257 898 4293 a.
