2714 4710
114 322 129 341 .
160 290 222 355 208
507 303 711 352 nameus
733 302 929 352 fltsromaa

159 460 192 523 in
214 458 314 522 maria
334 455 487 521 interiora
506 455 706 520 diffimditur.
738 454 826 519 Hinc
848 454 980 519 intranti
1008 455 1142 519 dextera
1163 455 1278 521 Africa

160 574 221 641 est,
247 561 338 625 laeva
363 557 505 642 Europa,
535 557 620 621 inter
645 556 703 620 has
724 555 816 620 Asia.
853 554 997 620 Termini
1024 577 1137 621 amnes
1158 554 1279 621 Tanais

160 674 194 727 et
219 659 322 727 Nilus.
371 656 565 739 Quindecim
586 673 614 718 Μ
640 680 673 741 p.
701 657 735 719 in
763 654 997 743 longitudinem
1025 676 1106 740 quas
1139 656 1279 721 diximus

160 764 270 828 fauces
291 758 401 825 oceani
422 765 544 842 patent,
566 757 708 840 quinque
722 773 750 818 Μ
770 756 805 820 in
825 756 1036 834 latitudinem,
1059 778 1080 819 a
1098 756 1173 822 vico
1192 754 1277 824 Mel-

159 865 239 930 laria
262 858 441 945 Hispaniae
467 857 510 921 ad
535 858 788 941 promontorium
813 856 949 922 Africae
973 856 1115 935 Album,
1148 867 1279 923 auctore

159 960 321 1028 Turannio
344 957 466 1024 Gracili
486 957 578 1023 iuxta
599 959 718 1044 genito.
755 957 794 1021 Τ.
817 955 933 1022 Livius
960 979 999 1022 ac
1018 955 1131 1043 Nepos
1154 955 1304 1024 Corne-4

158 1062 221 1128 lius
246 1060 425 1128 latitudinis
452 1059 665 1137 tradiderunt,
695 1059 752 1124 ubi
779 1057 902 1136 miuus,
932 1077 986 1122 vn
1004 1076 1033 1122 Μ
1057 1081 1091 1145 p.
1117 1057 1175 1124 ubi
1203 1081 1279 1125 vero

158 1165 359 1250 plurumum,
385 1181 412 1225 x
437 1179 482 1238 Μ;
510 1173 577 1226 tam
601 1161 727 1225 modico
756 1180 812 1225 ore
839 1171 906 1224 tam
932 1158 1077 1225 inmensa
1103 1181 1280 1243 aequorum

159 1265 293 1330 vastitas
313 1263 477 1348 panditur.
510 1261 580 1326 Nec
600 1260 762 1347 profunda
782 1260 917 1325 altitudo
938 1258 1128 1325 miraculum
1148 1261 1278 1338 minuit3

160 1367 347 1448 frequentes
367 1363 488 1447 quippe
510 1361 635 1426 taeniae
656 1360 852 1426 candicantis
874 1360 950 1425 vadi
971 1360 1098 1426 carinas
1119 1361 1278 1426 territant.

161 1461 237 1545 Qua
257 1464 298 1527 de
321 1485 418 1527 causa
439 1462 537 1526 limen
565 1461 681 1525 interni
706 1462 803 1525 maris
829 1461 923 1526 multi
944 1482 1017 1525 enm
1037 1461 1146 1526 locum
1166 1461 1277 1546 appel-

160 1567 277 1632 lavere.
314 1563 487 1627 Proxumis
513 1574 621 1627 autem
648 1562 795 1628 faucibus
822 1560 982 1645 utrimque
1002 1562 1135 1649 inpositi
1156 1573 1278 1629 montes

161 1676 310 1731 coercent
336 1665 485 1742 claustra,
515 1662 625 1747 Abyla
646 1663 789 1739 Africae,
816 1661 967 1747 Europae
992 1661 1105 1747 Calpe,
1135 1663 1279 1731 laborum

161 1766 313 1833 Herculis
342 1775 459 1842 metae,
489 1786 586 1848 quam
615 1763 657 1829 ob
683 1785 813 1828 causam
832 1762 1004 1851 indigenae
1024 1764 1190 1830 columnas
1211 1763 1278 1830 eius

160 1868 216 1931 dei
249 1877 364 1931 vocant
397 1865 595 1949 creduntque
629 1864 792 1949 perfossas
825 1864 956 1930 exclusa
987 1874 1084 1930 antea
1111 1865 1279 1933 admisisse

161 1966 263 2030 maria
285 1976 317 2030 et
338 1988 445 2030 rerum
465 1976 600 2029 naturae
621 1976 764 2029 mutasse
785 1964 912 2030 faciem.

205 2064 293 2130 Car.
316 2066 342 2128 1.
384 2065 531 2128 Primum
551 2087 629 2149 ergo
651 2065 692 2128 de
705 2064 838 2151 Europa
858 2064 968 2130 altrice
988 2066 1119 2133 victoris
1139 2067 1304 2134 omniumr

162 2167 308 2255 gentium
328 2166 440 2250 populi
460 2164 620 2252 longeque
642 2176 798 2230 terrarum
818 2165 1041 2251 pulcherrima,
1065 2189 1164 2252 qnam
1182 2168 1278 2255 pleri.

164 2290 227 2352 que
249 2267 362 2332 merito
382 2288 447 2330 non
470 2265 596 2330 tertiam
615 2265 795 2350 portionem
817 2266 925 2332 fecere
947 2289 1059 2332 verum
1080 2290 1227 2355 aequam,
1247 2269 1278 2334 in

162 2369 246 2433 duas
266 2367 369 2454 partis
390 2367 431 2432 ab
453 2388 546 2431 amne
567 2364 670 2430 Tanai
696 2365 739 2430 ad
759 2363 957 2432 Gaditanum
982 2367 1104 2434 fretum
1130 2371 1278 2437 universo

162 2471 240 2536 orbe
269 2470 382 2535 diviso.
419 2467 570 2533 Oceanus
592 2489 697 2551 aquo
725 2468 848 2533 dictum
878 2478 928 2533 est
955 2469 1060 2553 spatio
1081 2470 1278 2537 Atlanticum

162 2593 250 2634 mare
272 2570 445 2633 infundens
468 2579 501 2632 et
522 2568 616 2633 avido
637 2579 745 2633 meatu
767 2579 877 2647 terras,
907 2591 1128 2655 quaecumque
1149 2560 1276 2638 venien·

164 2684 229 2734 tem
252 2690 422 2753 expavere,
445 2668 636 2756 demergens
658 2670 837 2735 resistentis
854 2693 981 2757 quoque
994 2672 1139 2739 flexuoso
1153 2674 1277 2738 litorum

163 2769 312 2835 anfractu
338 2768 465 2847 lambit,
500 2768 664 2855 Europam
693 2772 746 2836 vel
773 2795 922 2838 maxume
950 2775 1132 2841 recessibus
1162 2774 1277 2841 crebris

197 2973 248 3035 §3-
266 2967 341 3031 Huic,
353 2971 419 3020 Rob.
440 3011 471 3018 ..
489 2970 599 3028 dextera,
611 2970 695 3020 RAd.
715 2969 810 3031 dextra,
821 2967 874 3035 βγ.
894 3013 925 3020 ,-
943 2971 1016 3034 Asia,
1029 2968 1167 3024 R¹A0a
1185 2972 1276 3030 Asiae,

163 3041 187 3088 It
199 3045 212 3087 ².
231 3037 295 3086 Asia
307 3046 349 3098 est,
361 3033 389 3100 β
404 3079 434 3086 -
452 3035 587 3097 Terminus,
598 3038 623 3087 R
636 3035 677 3098 (us
689 3039 716 3087 in
727 3036 805 3099 corr.)
818 3079 849 3086 .-
865 3037 1007 3095 Quindecim
1019 3057 1048 3088 m.
1058 3058 1093 3105 μ,
1105 3043 1184 3092 RAd
1196 3039 1276 3102 (codd

164 3103 282 3164 Barbar.)
299 3105 364 3155 XII
378 3124 406 3154 m.
422 3124 455 3170 p..
468 3119 491 3153 σ.
517 3146 548 3153 ..
572 3103 685 3164 dixr'mus,
701 3107 778 3169 paulo
796 3120 879 3168 supra.
899 3146 929 3153 .-
949 3104 1082 3168 tarnadae,
1095 3123 1118 3156 σ.
1140 3149 1171 3157 ..
1191 3104 1276 3157 Muta

154 3173 213 3231 riu,
226 3173 280 3219 Ad.
300 3170 429 3231 Menaria,
442 3175 472 3221 R.
492 3171 611 3232 Molaria,
624 3186 647 3220 σ.
667 3213 698 3220 ..
721 3170 746 3219 Τ
743 3172 854 3232 urannio,
866 3175 890 3222 d.
913 3171 1036 3234 Tirannio,
1047 3175 1079 3223 Τ.
1107 3173 1276 3237 Turinio,R¹.

167 3237 371 3295 Turanio,R²a.
393 3237 523 3298 Turranio,
536 3239 590 3301 Ar.
610 3280 641 3287 .,
663 3236 811 3299 Gracile&
837 3236 1006 3301 Graciqud.
1028 3237 1201 3304 Gracilae,A.
1221 3239 1276 3292 Gla-

164 3300 227 3361 cille,
238 3303 270 3350 R.
292 3299 411 3363 Gracula,
423 3318 447 3350 σ.
469 3303 602 3364 Granum,
614 3301 643 3365 β

197 3371 212 3432 ξ
222 3375 245 3417 4.
258 3365 349 3431 Nepos,
358 3369 475 3430 fragmm.
485 3385 509 3432 p.
520 3376 577 3419 368.
587 3373 665 3421 Heus.
677 3414 708 3420 -
718 3372 768 3432 ubi,
776 3373 976 3424 ominans.
984 3415 1014 3424 ..
1024 3374 1110 3436 minus,
1118 3371 1276 3426 naeuus.

164 3435 291 3493 minimum,
302 3431 331 3495 β.
351 3475 382 3482 -
401 3443 492 3496 tenuas,
509 3437 542 3484 B..
561 3477 592 3484 -
611 3437 771 3497 candicantis,
786 3441 819 3488 R.
843 3440 1006 3503 candicantes,
1018 3441 1075 3491 Ad.
1096 3483 1127 3491 ..
1150 3441 1277 3501 Rosius,

163 3503 218 3554 ΒΑ
227 3495 282 3551 OT.
300 3501 438 3562 Proximus,
452 3505 475 3551 d.
492 3502 619 3564 Proxima,
631 3500 659 3565 β.
679 3546 710 3554 -
728 3504 820 3567 Abilia,
832 3508 895 3557 ΒΑ.
914 3548 945 3556 -
963 3518 1033 3570 oreta,
1050 3500 1078 3557 θ.
1097 3551 1129 3558 ..
1153 3509 1277 3567 columbas,

162 3572 213 3621 R'.
232 3610 264 3619 ..
279 3570 415 3633 perfossas,
427 3569 488 3620 uA.
504 3571 638 3634 perfossos,
651 3572 726 3622 STd.
1226 3594 1235 3610 ·

197 3637 248 3698 §a
267 3635 414 3700 lonyiusque,
425 3638 475 3686 R¹.
495 3636 597 3701 iocoque,
610 3653 633 3687 σ.
648 3681 678 3688 -
698 3640 813 3700 Oceanus,
826 3643 877 3691 Rd.
894 3644 1024 3707 pecuali.
1041 3683 1073 3691 -
1092 3660 1117 3702 a,
1128 3644 1164 3692 A.
1183 3660 1220 3704 ac,
1231 3643 1277 3693 B'.

163 3706 218 3767 boc,
235 3701 336 3769 Rlssr.
358 3703 416 3766 bac,
434 3708 457 3755 d.
481 3746 512 3753 ..
536 3723 593 3770 quo,
615 3707 649 3756 A.
678 3705 754 3770 quod,
775 3704 875 3772 Rdstr.
899 3749 931 3757 ..
954 3708 1016 3770 ulio,
1036 3711 1086 3759 R².
1110 3749 1142 3758 -
1167 3726 1278 3775 quoeun-

163 3774 314 3890 cosli
330 3782 458 3889 tiit
472 3775 537 3822 Μ’·
557 3774 1049 3893 *sr20atd·..1³¹·
1073 3793 1278 3905 affl}

163 3907 235 3955 codd.
247 3858 350 3957 Barbal'.
367 3859 466 3957 culus
502 3909 607 3967 Rada,
624 3876 693 3970 qudd
704 3909 814 3970 probans
826 3879 933 3959 Salmad.
946 3925 1027 3959 exerc.
1039 3925 1064 3974 p.
1078 3916 1118 3961 58.
1130 3880 1156 3961 l).
1168 3913 1198 3962 F.
1215 3910 1278 3962 inira

163 3972 315 4034 amplectitur
325 3974 394 4036 legit.
405 4015 437 4022 ..
446 3972 605 4034 Brutlinium,
617 3977 665 4025 111.
683 3972 814 4038 Byritium,
827 3977 875 4024 R2.
893 3974 1034 4038 Brutinum,
1045 3991 1070 4025 σ.

179 4039 248 4112 ,ita
267 4055 300 4099 eo,
312 4054 362 4088 om.
374 4041 423 4089 R¹.
443 4081 474 4089 ..
493 4040 624 4106 appellata,
636 4057 687 4091 om.
700 4044 741 4091 dh
761 4064 792 4089 „-
819 4042 948 4105 Uryitano,
966 4045 1042 4094 RAd
1058 4042 1145 4106 (codd.
1162 4043 1277 4107 Bethar.)

163 4104 291 4164 trryitano,
303 4121 326 4154 a.
351 4105 483 4169 taracona,
499 4109 587 4159 Dalec.
606 4148 638 4157 -
655 4106 784 4172 Pyrenaei,
796 4109 821 4158 R
833 4106 856 4170 (i
866 4124 899 4158 ex
910 4108 986 4172 corr.)
997 4110 1032 4159 A.
1049 4109 1173 4176 Pyrenen,
1185 4115 1208 4163 d.
1229 4112 1278 4177 Py·

164 4168 240 4244 rania,
252 4185 275 4220 σ.
293 4171 426 4235 Pyrenaea
444 4168 494 4237 βγ.
508 4215 540 4223 ..
555 4189 600 4238 per
611 4173 784 4237 lonqitudinem,
797 4190 847 4224 om.
863 4170 892 4225 θ.
906 4217 937 4226 ..
952 4176 1101 4242 provincias,
1117 4179 1206 4230 RAd.
1220 4195 1277 4244 pro·

163 4247 256 4299 ernau,
269 4252 292 4285 σ.
307 4247 399 4300 partas,
437 4274 443 4288 .
462 4280 492 4289 ..
511 4241 712 4304 septentrionalis,
724 4241 807 4292 RAd.
828 4283 859 4291 ..
878 4241 916 4297 laic
928 4243 960 4306 in,
973 4245 1078 4295 ATdo.
1096 4246 1144 4307 bic,
1155 4247 1181 4297 B
1192 4243 1276 4308 (codd.
