2714 4710
374 287 444 335 nm.
461 289 498 334 n.
529 288 607 336 car.
624 289 699 335 x1v.
716 291 775 336 xv.
807 289 904 338 snor.
922 293 1009 337 11-u.
1183 276 1242 339 121

126 438 224 501 etiam
245 459 287 501 ex
308 439 463 522 quadrato
486 440 583 505 sentit
603 438 710 505 radios
732 464 751 504 a
774 458 903 505 Lxxxx
925 443 1080 527 partibus,
1103 443 1189 510 unde
1212 453 1245 508 et

21 594 37 610 ,
124 559 241 601 nomen
269 540 395 624 accepit
419 550 526 606 motus
545 539 675 625 ,primus
697 551 729 607 et
756 541 915 606 secundus
936 543 1172 629 nonagenarius
1193 543 1244 608 di-

125 647 198 702 etus
219 637 260 702 ab
287 649 424 724 utroque
445 650 569 704 exortu.
607 640 730 707 Eadem
761 642 939 708 stationalis
966 644 1051 709 senis
1073 643 1245 709 mensibus

124 747 328 803 conmoratur
347 740 382 804 in
403 740 515 826 signis,
538 742 656 826 alioqui
673 742 844 822 bimestris,
867 765 942 808 cum
962 754 1087 810 ceterae
1109 753 1246 829 utraque

123 837 262 904 statione
289 851 463 927 quaternos
491 863 618 906 menses
644 864 708 906 non
735 843 886 929 inpleant.
933 842 1109 910 Inferiores
1138 854 1245 915 autem
1258 864 1288 910 er

123 939 209 1004 duae
229 942 429 1023 occultantur
449 941 483 1006 in
504 942 590 1006 coitu
611 944 794 1029 vespertino
817 943 912 1010 simili
932 943 1027 1014 modo
1047 945 1244 1030 relictaeque

121 1064 142 1104 a
165 1041 232 1107 sole
253 1040 387 1111 totidem
407 1042 442 1106 in
461 1042 607 1127 partibus
621 1044 743 1109 faciunt
758 1055 887 1110 exortus
901 1044 1084 1126 matutinos,
1106 1046 1148 1110 ad
1163 1068 1243 1130 quos

120 1140 318 1229 longissimis
333 1142 505 1207 distantiae
526 1166 603 1208 suae
624 1144 718 1208 metis
740 1146 838 1210 solem
858 1145 1070 1230 insequentur
1090 1146 1244 1233 adeptae-

120 1264 187 1326 que
207 1263 325 1307 occasu
345 1243 502 1308 matutino
524 1245 703 1309 conduntur
724 1266 762 1309 ac
782 1255 1009 1330 praetereunte
1029 1244 1112 1311 Mox
1130 1246 1243 1312 eodem

118 1342 289 1408 intervallo
310 1365 444 1429 vespere
467 1345 652 1410 exoriuntur
673 1368 776 1430 usque
798 1345 841 1410 ad
868 1367 950 1429 quos
971 1345 1110 1412 diximus
1132 1347 1242 1412 termi-

119 1465 198 1519 nos3
220 1443 265 1508 ab
275 1443 366 1509 hisce
383 1445 660 1532 retrogradiuntur
680 1445 723 1510 ad
744 1446 843 1512 solem
865 1455 897 1510 et
918 1469 1036 1512 occasu
1056 1449 1242 1532 vespertino

121 1543 328 1610 delitescrmt.
356 1544 495 1611 Veneris
518 1545 609 1611 stella
629 1556 663 1612 et
685 1546 837 1612 stationes
859 1546 951 1624 duas,
973 1549 1162 1614 matutinam
1183 1571 1240 1615 ve-

119 1645 370 1730 spertinamque,
392 1645 434 1711 ab
455 1656 592 1730 utroque
614 1654 728 1711 exortu
748 1645 837 1723 lacit,
858 1669 878 1709 a
899 1646 1095 1741 longissimis
1116 1649 1240 1713 distan-

118 1746 184 1810 tiae
207 1767 284 1810 suae
304 1744 433 1825 finibus,
454 1744 599 1811 Mercuri
622 1746 774 1812 stationes
795 1746 942 1812 breviore
963 1757 1124 1810 momento
1145 1770 1242 1832 quam

117 1858 156 1911 ut
176 1831 374 1931 deprehendi
395 1847 530 1933 possint.

162 1946 214 2011 13.
245 1945 339 2013 Haeo
361 1957 411 2013 est
430 1948 587 2014 luminum
609 1948 920 2032 occultationumque
941 1947 1035 2029 ratio,
1056 1949 1240 2035 perplexior
1253 1969 1286 2014 su

52 2127 55 2132 Ι
112 2058 209 2134 ‘motu
233 2048 406 2133 multisque
432 2049 577 2115 involuta
602 2049 773 2114 miraculis.
812 2046 979 2134 Siquidem
1000 2051 1239 2137 magnitudines

117 2171 197 2213 suas
219 2158 252 2212 et
273 2149 395 2215 colores
416 2159 541 2213 mutant
560 2160 592 2214 et
614 2150 747 2215 caedem
760 2150 803 2213 ad
818 2150 1067 2235 septentrionem
1082 2153 1239 2219 accedunt

115 2248 301 2333 abeuntque
321 2249 364 2313 ad
385 2260 530 2314 austrum
552 2250 708 2334 terrisque
729 2250 896 2335 propiores
917 2259 974 2314 aut
995 2253 1083 2316 caelo
1104 2264 1238 2339 repente

116 2359 301 2414 cernuntur.
341 2349 382 2413 In
413 2351 531 2434 quibus
561 2350 654 2417 aliter
680 2350 782 2414 multa
806 2372 904 2434 quam
932 2348 1056 2433 priores
1089 2352 1237 2416 tradituri

114 2450 257 2514 fatemur
277 2471 317 2514 ea
330 2471 457 2534 quoque
470 2450 598 2518 illorum
613 2471 684 2515 esse
698 2448 851 2527 muneris,
874 2448 930 2534 qui
943 2448 1038 2533 primi
1052 2449 1121 2514 vias
1133 2457 1235 2535 ,quae-

113 2549 209 2615 rendi
230 2550 535 2627 demonstraverint3
565 2549 722 2614 modone
743 2549 816 2633 quis
838 2549 988 2635 desperet
1010 2553 1137 2617 saecula
1157 2575 1234 2638 pro-

112 2650 211 2717 ficere
226 2672 362 2737 semper.
394 2643 547 2718 Pluribus
561 2650 602 2716 de
616 2650 724 2716 causis
737 2650 817 2715 haec
830 2650 937 2717 omnia
950 2649 1115 2719 accidunt:
1130 2655 1235 2741 prima
1249 2674 1282 2719 sa

113 2823 179 2886 Cap.
192 2828 216 2873 8.
236 2821 251 2883 i
272 2827 329 2875 887.
350 2833 376 2874 et
396 2825 503 2876 Salmas.
524 2839 606 2874 exerc.
622 2839 647 2888 p.
661 2830 718 2874 530.
737 2839 760 2873 a.
777 2825 810 2875 D.
830 2865 861 2873 ..
879 2825 1014 2888 triquadro,
1027 2826 1056 2875 Ρ.
1077 2866 1105 2874 -
1125 2829 1235 2887 statione,

112 2891 166 2939 13¹.
184 2930 216 2939 -
226 2891 337 2954 faciunt,
354 2906 405 2942 om.
421 2893 451 2942 P.
470 2932 502 2940 -
520 2893 552 2952 io,
569 2906 619 2940 cm.
641 2905 664 2939 σ.
684 2930 715 2939 ..
734 2890 849 2952 adverso,
866 2892 917 2940 Ρσ.
942 2908 1037 2951 averso,
1053 2886 1148 2942 Roas
1164 2891 1236 2955 (libri

111 2957 222 3008 sumas
238 2972 321 3009 exere.
338 2974 364 3023 p.
383 2961 439 3010 507.
456 2975 478 3008 a.
492 2956 538 3020 G.)
549 2972 573 3023 γ.
597 2957 729 3018 contrario,
740 2959 858 3007 Marcion.
872 2956 935 3019 Cap.
949 2963 972 3006 8.
990 2955 1005 3016 ξ
1019 2961 1077 3007 887.
1105 2959 1164 3008 Vrd.
1178 2960 1234 3010 Sul·

110 3039 177 3074 mas.
195 3064 227 3073 ..
244 3024 386 3090 iterumque,
401 3019 574 3077 RTOPadr.
592 3027 701 3088 itemque,
716 3019 745 3084 β.
766 3063 797 3072 ..
816 3023 1050 3087 appropinquantes,
1061 3024 1122 3074 PK.
1146 3042 1234 3089 appro-

107 3092 253 3156 poema,
265 3088 364 3152 Radss·
1100 3145 1103 3149 ,

146 3157 216 3219 §so
234 3168 266 3220 ut,
279 3174 329 3208 om.
341 3161 371 3209 P.
384 3177 473 3224 ..pro
494 3161 546 3218 're‚
557 3159 587 3208 Ρ.
606 3197 638 3206 -
656 3175 680 3218 o,
692 3159 744 3208 Ra.
763 3158 802 3216 ab,
814 3151 915 3219 Τᾶβγ.
934 3157 1006 3224 crab,
1018 3156 1065 3206 Pr.
1086 3156 1143 3208 Om.
1157 3152 1186 3208 θ.
1202 3200 1233 3208 ..

109 3225 259 3276 LXXXX
275 3227 379 3277 Barbar.
396 3229 429 3278 B.
477 3225 574 3286 XXX.
586 3217 761 3275 BTOPadr.
779 3223 838 3272 Vid.
850 3223 968 3272 Martian.
980 3222 1042 3287 (lap.
1055 3231 1079 3274 8.
1090 3223 1113 3285 δ.
1127 3232 1184 3276 884.
1199 3267 1231 3276 ..

109 3302 200 3370 motus,
216 3263 339 3371 lidPar.
362 3295 485 3354 semotus,
503 3289 596 3357 ἀσβγ.
620 3331 652 3339 ..
676 3297 840 3351 commoratur,
856 3291 940 3407 ΡΤ..
963 3287 1084 3355 alioquin,
1101 3293 1174 3344 Pdo.
1201 3335 1232 3343 -
1327 3291 1331 3300 ‘

110 3361 527 3491 ὁιἙαθιῗῖᾜὲῑιξὲαο-ᾇαῃξὲθῖ
533 3359 660 3477 rcml’ell'btb
667 3374 741 3490 buco
752 3366 942 3486 blumii&
954 3441 1017 3490 quoe
1029 3443 1053 3488 a,
1068 3427 1118 3477 Pa.
1137 3428 1231 3479 relicto-

109 3511 163 3557 que,
174 3491 227 3558 βγ.
245 3534 277 3543 -
287 3494 400 3558 faciunt,
411 3496 462 3545 Pe.
477 3535 508 3542 -
525 3491 640 3559 adquae,
652 3493 781 3543 BTPad.
800 3502 878 3558 atque,
892 3486 921 3542 θ.
940 3502 1012 3556 atque
1023 3511 1048 3570 ρ,
1059 3490 1110 3573 βγ.
1131 3496 1172 3546 De
1183 3511 1232 3545 usu

108 3562 306 3625 praepositionis
327 3562 363 3612 od
381 3563 430 3612 vid
452 3564 485 3612 ad
505 3567 546 3623 32,
566 3568 605 3612 14.
629 3602 660 3610 ..
684 3560 860 3622 loupissimum
881 3560 932 3609 Pa.
959 3561 1110 3624 bnqrommu,
1129 3563 1179 3612 ΕΙ.
1201 3601 1228 3610 -

108 3644 231 3690 ccccm,
246 3642 271 3678 σ.
292 3646 358 3690 euru,
373 3630 404 3679 Ρ.
428 3669 459 3678 ..
481 3645 588 3693 empore,
604 3620 760 3678 RTOPau
787 3628 891 3692 vesperi,
908 3623 937 3688 β.
961 3669 993 3677 ..
1017 3627 1059 3688 ud,
1075 3642 1125 3676 om.
1143 3629 1172 3677 Ρ.
1199 3669 1230 3679 -

108 3696 182 3759 bisce,
195 3689 224 3744 θ.
243 3693 290 3756 bis,
302 3690 450 3760 RPadflr.
466 3736 491 3745 -
508 3706 537 3757 et,
549 3697 601 3746 Ro.
621 3695 760 3756 etiude
779 3688 981 3746 OmittOPKr.
1000 3733 1033 3743 ..
1050 3712 1075 3755 a,
1090 3709 1141 3742 orn.
1153 3695 1183 3744 P.
1197 3735 1229 3744 ..

108 3762 236 3878 frtpitbnea,
248 3763 303 3842 Pa.
318 3761 557 3880 latgnipuoffldRTd.
576 3762 749 3890 ⁸-ssbreoiore,
765 3763 836 3812 1³²2.
855 3761 967 3823 breviori,
982 3763 1007 3811 R
1018 3760 1060 3810 ¹P.
1089 3763 1229 3822 breviorem,

156 3865 214 3878 .-
264 3846 317 3879 assu
432 3846 448 3879 a
472 3846 493 3879 r.
542 3846 580 3878 ssa
631 3865 637 3878 .

141 3894 157 3956 ἓ
172 3902 213 3946 62.
229 3844 378 3961 ssrplex'iom
391 3839 692 3960 RTOadloperiilesiori,
703 3895 733 3945 P.
754 3895 914 3958 perplexiore,
925 3891 954 3956 β.
973 3934 1005 3943 -
1024 3903 1108 3957 motus,
1120 3911 1143 3951 o.
1155 3896 1229 3957 moti,

106 3963 133 4013 R
142 3966 158 4013 ¹.
178 4004 210 4012 -.
228 3971 322 4026 mutent,
333 3967 365 4015 R
385 4005 416 4013 ..
434 3961 540 4024 eaedem,
552 3964 618 4013 Rad
630 3958 761 4024 (Robore.)
779 3958 865 4022 cedma,
876 3963 906 4011 P.
924 3959 1017 4024 eadem
1031 3956 1059 4011 θ.
1079 4002 1110 4011 -
1129 3971 1228 4027 septem-

107 4030 206 4091 triones,
220 4031 272 4080 Tc.
294 4070 323 4079 ..
343 4031 417 4093 baud,
434 4032 464 4081 P.
484 4070 515 4080 ..
533 4029 604 4079 aliter
623 4043 691 4091 pone
709 4028 808 4092 priora
831 4029 942 4078 collocat
958 4030 988 4079 Ρ.
1012 4070 1043 4078 -
1062 4047 1131 4092 quae,
1147 4031 1177 4080 P.
1197 4071 1227 4080 ..

107 4113 193 4216 {affl
210 4099 239 4215 ΡΙ.
259 4138 290 4214 d..
310 4097 610 4225 viri‘e'srqmrffllplhd·
633 4092 767 4159 quaerendi
781 4095 842 4157 vius,
856 4092 933 4159 ufir.
953 4137 982 4146 ..
1003 4093 1228 4159 demonstraverim,

196 4181 212 4214 a
235 4203 240 4215 .
278 4181 328 4215 emo
380 4180 476 4216 ovorum
554 4201 559 4212 .
943 4209 945 4216 ,
