2714 4710
585 289 775 346 rauranum.
1154 305 1235 348 nxru

113 455 170 514 bus
184 470 258 512 vera
270 451 358 512 lectio
371 452 585 527 inveniebatur,
601 471 677 529 quae
697 455 727 514 in
745 453 811 514 aliis
830 462 885 514 aut
901 455 1007 515 leviter
1026 461 1165 532 corrupta
1183 464 1237 515 aut

112 561 201 621 foede
219 560 397 639 interpolata
411 570 551 621 exstaret.
578 563 661 635 Inde,
676 565 755 639 quod
769 563 916 640 scriptura
929 563 1028 639 eliqua
1041 563 1135 623 facilis
1148 565 1236 624 intel·

112 672 204 741 lectu,
219 670 313 729 ultera
327 688 402 729 vcro
414 671 458 729 ita
471 677 611 748 corrupta
625 680 685 744 est,
700 678 735 730 ut
748 672 842 748 primo
857 673 962 731 obtutu
976 686 1068 748 paene
1081 673 1169 731 fidem
1182 692 1237 732 ex·

113 780 201 838 cedat
213 798 251 837 ex
263 777 341 838 netu
359 779 413 838 illa
426 780 574 857 scripture
593 787 654 840 tam
673 781 788 857 ineptos
803 799 918 840 errores
932 782 1004 840 oriri
1017 781 1158 860 potuisse,
1179 799 1239 839 non

114 889 216 948 statim
238 887 464 947 existimandum
485 888 647 948 faciliorem
665 890 881 968 interpolationi
898 890 1114 949 alicui'deberi.
1141 890 1238 948 Immo

115 999 164 1057 vel
182 999 214 1057 in
234 997 352 1074 optimis
371 998 538 1071 codicibus,
558 997 603 1056 uti
615 998 799 1074 potissimum
812 998 874 1072 Ra,
889 1000 998 1074 ubique
1013 998 1175 1077 scripturae
1189 999 1237 1057 in-

114 1105 282 1178 veniuntur,
297 1084 376 1182 quae
388 1113 490 1182 aperte
503 1116 659 1184 corruptae
674 1109 780 1167 calami
792 1110 880 1168 modo
891 1109 1040 1169 erroribus
1055 1109 1235 1182 tribuendae,

114 1233 184 1274 cum
199 1215 312 1274 codices
325 1232 419 1291 aeque
432 1215 503 1274 boni
524 1232 626 1276 veram
645 1217 822 1293 scripturam
842 1219 922 1276 omni
940 1217 1171 1294 interpolationis
1189 1235 1239 1275 su·

115 1324 246 1401 spicione
256 1324 378 1382 liberam
390 1324 556 1383 exhibeant.
578 1323 645 1383 Iam
655 1326 734 1397 licet,
748 1335 783 1384 ut
795 1326 923 1399 redeam,
938 1327 1016 1385 unde
1026 1344 1150 1385 exorsus
1162 1343 1239 1396 sum,

116 1430 261 1492 librorum
285 1433 417 1509 priorum
441 1433 564 1509 triginta
587 1434 681 1492 oratio
705 1435 737 1492 in
762 1433 819 1493 hac
837 1435 964 1494 editione
981 1436 1068 1512 longe
1087 1436 1126 1493 sit
1143 1434 1240 1492 minus

116 1540 273 1600 emendata
286 1558 377 1616 quem
392 1541 424 1599 in
436 1540 518 1600 libris
532 1559 588 1599 sex
600 1542 777 1615 novissimis,
791 1549 892 1600 mmen
904 1544 963 1600 illis
977 1561 1094 1619 quoque
1107 1561 1167 1601 non
1180 1541 1240 1600 exi·

116 1667 180 1726 gna
202 1649 317 1708 utilitas
342 1650 434 1708 allata
459 1650 588 1720 videtur,
614 1650 685 1723 quia
702 1669 781 1708 nunc
801 1651 930 1719 demum,
946 1651 1016 1724 quid
1030 1652 1069 1708 ad
1081 1651 1240 1726 perlectam

116 1776 222 1817 eornm
235 1752 467 1816 emendationem
481 1758 672 1829 desideretur,
686 1758 874 1832 intelligitur.

159 1865 203 1925 Et
216 1867 289 1925 haee
301 1867 367 1943 ipse
379 1885 428 1925 res
442 1885 490 1924 me
503 1867 651 1937 admonet,
665 1872 700 1923 ut
713 1865 857 1924 nonnulla
870 1865 976 1925 addam
990 1867 1028 1925 de
1042 1865 1167 1925 editione
1179 1864 1242 1924 Da·

115 1973 303 2050 lecampiana
317 1976 382 2034 sive
396 1975 519 2051 vulgata
533 1971 568 2056 β,
589 1975 636 2033 eui
654 1992 728 2049 quas
741 1981 839 2052 partes
858 1993 914 2050 ego
928 1975 1079 2033 tribuerim
1092 1982 1166 2050 puto
1178 1974 1245 2033 fora

117 2083 173 2158 qus
191 2084 344 2142 minuar.
371 2083 490 2143 cernat
509 2084 561 2159 qui
580 2065 802 2142 commentarios
823 2090 939 2143 nosnos
959 2084 1074 2143 osseos
1092 2083 1244 2160 aspreta

117 2193 222 2253 statim
235 2193 471 2251 animadvertent
493 2209 615 2261 menon
628 2188 728 2268 paucis
742 2193 774 2250 in
787 2193 869 2264 locis,
883 2194 992 2252 reiecta
1005 2166 1151 2268 scriptura
1163 2191 1243 2250 Har·

117 2300 410 2374 duino-Broteriana,
426 2303 465 2359 ad
477 2300 736 2377 Dclecempiauam
750 2301 882 2371 rediisse,
893 2319 988 2374 neque
1000 2301 1040 2358 rbi
1052 2307 1179 2372 tantum,
1193 2300 1245 2358 ubi

117 2409 294 2469 Hmdninus
309 2411 357 2468 vel
372 2428 443 2469 suas
457 2410 508 2470 rel
522 2410 648 2468 aliorum
663 2409 854 2467 coniecturas
863 2416 972 2467 temere
991 2409 1022 2466 in
1041 2408 1137 2483 ipsam
1155 2408 1246 2467 Plinii

117 2518 285 2578 mationem
303 2526 463 2597 receperat,
481 2536 587 2577 verum
602 2518 643 2577 ibi
659 2534 787 2593 quoque,
798 2516 849 2575 ubi
860 2515 1008 2575 codicibus
1024 2517 1087 2574 suis
1105 2516 1182 2575 male
1193 2516 1245 2574 ob-

117 2635 347 2704 temperaverat,
358 2627 451 2699 nullo,
462 2634 496 2685 ut
505 2627 603 2703 palam
614 2625 681 2696 iuit,
694 2625 752 2684 alio
761 2614 935 2700 argumento
946 2632 1054 2698 motus,
1066 2643 1155 2700 quam
1165 2625 1245 2701 quod

116 2735 239 2796 codices
248 2737 330 2795 aliud
341 2735 421 2810 quid,
432 2755 521 2811 quam
531 2736 562 2793 in
571 2730 588 2816 β
598 2740 738 2806 exstaret,
752 2733 934 2794 exhiberent.
960 2735 1084 2793 Talibus
1093 2735 1123 2793 in
1134 2736 1245 2794 disme-

119 2843 234 2922 pantu'is
244 2838 377 2905 codicum
388 2845 508 2903 secundi
519 2853 549 2902 et
561 2845 639 2902 tertii
652 2843 760 2902 ordinis
777 2863 844 2903 cum
860 2844 985 2902 editione
1003 2839 1019 2924 β
1032 2852 1135 2902 utnon
1148 2842 1247 2901 statim

118 2951 185 3013 illis
195 2953 376 3024 accederem,
387 2952 450 3027 sed,
462 2953 634 3013 lectionibus
644 2959 779 3011 accurate
790 2953 867 3010 inter
878 2969 910 3009 se
925 2951 1086 3026 pensitatis,
1097 2958 1166 3008 utra
1176 2951 1247 3009 scri·

119 3060 514 3139 pmrcmprueiercndaesset,
523 3034 774 3135 seeundumleges
784 3058 855 3117 artis
866 3057 981 3116 criticae
987 3057 1195 3128 examinarem,
1203 3056 1247 3114 lc-

120 3169 261 3242 citillud,
273 3171 352 3246 quod
362 3169 592 3245 Dalecampiaua
605 3163 621 3248 β
639 3165 807 3243 saepissime
822 3183 890 3224 cnm
905 3165 969 3224 solo
984 3165 1083 3224 codice
1097 3164 1125 3223 B
1141 3174 1247 3225 etcum

119 3277 236 3353 ecqui
244 3279 377 3356 proxime
388 3279 472 3343 abeo
482 3280 576 3349 abest,
588 3276 652 3334 dico
664 3275 793 3334 codicem
799 3274 841 3346 Α,
853 3274 1013 3350 conspirat,
1023 3292 1090 3333 cum
1101 3274 1189 3334 ceteri
1199 3293 1247 3333 co·

120 3386 206 3447 diaes
216 3380 336 3468 (quoles
348 3394 418 3447 sunt
427 3379 569 3466 VRT'd)
579 3386 617 3444 ab
627 3384 687 3443 illis
704 3383 833 3456 secundi,
852 3358 973 3442 ut'nihil
987 3384 1082 3443 dicam
1092 3385 1129 3443 de
1139 3385 1247 3443 codici·

121 3499 184 3558 bus
193 3497 271 3557 terni
283 3498 333 3557 vel
343 3496 440 3572 quarti
456 3495 577 3567 ordinis,
598 3511 673 3568 quos
687 3493 794 3569 partim
809 3488 966 3551 Harduino
986 3494 1069 3569 sequi
1082 3493 1201 3569 placuit,
1216 3492 1248 3550 in

116 3605 399 3691 omniealiaeaque
407 3601 466 3662 illis
478 3604 623 3662 deteriora
633 3603 747 3661 abeant.
773 3600 1248 3676 Hinccertesequitureditionem

121 3712 219 3784 illm,
231 3732 307 3790 quse
316 3715 405 3772 toties
416 3713 480 3772 sola
490 3731 558 3771 cum
569 3711 701 3770 omnium
711 3709 827 3789 optimis
838 3709 984 3768 codicibus
993 3709 1073 3780 iacit,
1089 3709 1154 3767 eliis
1164 3709 1195 3766 in
1204 3710 1248 3767 lo·

123 3823 181 3894 cis,
192 3823 245 3907 ubi
256 3822 306 3881 vel
316 3823 354 3881 ab
364 3823 410 3880 his
419 3822 493 3897 ipsis
504 3821 653 3879 codicibus
664 3819 794 3889 discedit,
806 3820 883 3876 hanc
891 3818 986 3894 ipsam
998 3819 1108 3877 obrem
1118 3837 1177 3877 uon
1188 3826 1248 3878 sta·

123 3931 181 3990 tim
191 3948 259 3990 esse
270 3930 472 4007 spernendam,
483 3928 572 3987 immo
586 3946 649 3986 rem
663 3946 731 3986 cum
744 3925 857 3992 ratione
871 3924 1088 4001 disceptandam
1101 3946 1193 4003 eaque
1202 3928 1248 3985 iu-

124 4041 215 4099 bente
228 4042 466 4099 membranarum
481 4038 529 4096 vel
544 4036 721 4112 optimarum
734 4034 937 4093 auctoritatem
956 4035 1073 4094 editimi
1089 4035 1249 4112 impressae

123 4148 372 4226 postponendam.
391 4146 465 4220 Quis
477 4144 557 4205 verbi
570 4160 668 4214 cause,
680 4151 715 4202 ut
724 4161 816 4202 unum
826 4150 904 4203 certe
913 4143 1081 4219 exemplum
1090 4143 1149 4204 iam
1159 4162 1249 4219 supra
