2714 4710
116 80 222 168 Regio
250 81 375 167 aprica,
409 80 495 149 felici
523 81 693 167 temperie,
723 82 810 147 omni
839 79 960 146 adflatu
987 82 1085 148 noxio
1113 104 1239 150 cuens.

115 180 243 247 Domus
269 182 310 247 iis
337 204 466 248 nemora
485 182 614 265 lucique
636 193 668 248 et
689 183 822 251 deorum
848 183 953 248 cultus
973 182 1095 248 viritim
1116 207 1239 273 grega-

116 281 248 367 timque,
271 281 430 348 discordia
449 283 562 371 ignota
582 294 615 348 et
635 282 803 370 aegritudo
824 283 938 347 omnis.
973 281 1066 347 Mors
1087 306 1156 349 non
1175 285 1238 349 nisi
1251 305 1272 348 a

117 383 264 448 satietate
291 382 391 461 vitae,
419 383 556 468 epulatis
582 381 788 466 delibutoque
816 383 905 447 senio
931 383 1026 460 luxu,
1056 384 1238 467 equadam

115 505 198 568 rupe
218 482 253 546 in
273 503 360 547 mare
382 483 574 548 salientium.
597 481 671 547 Hoc
688 504 792 570 genus
806 483 991 568 sepulturae
1004 482 1236 550 beatissimum.

116 579 258 663 Quidam
279 602 335 647 eos
355 582 389 646 in
409 583 514 668 prima
541 592 633 668 parte
654 581 753 647 Asiae
778 583 909 647 litorum
933 605 1085 667 posuere,
1113 606 1178 648 non
1202 586 1236 649 iu

113 682 256 768 Europa,
278 682 355 766 quia
376 694 452 748 sunt
470 683 516 749 ibi
530 682 736 748 similitudine
751 695 783 748 et
797 683 879 748 situs
892 683 1083 748 Attacorum
1096 685 1233 750 nomine.

113 782 181 850 Alii
207 782 330 848 medios
357 784 463 849 fecere
493 806 547 849 eos
577 783 662 850 inter
687 795 858 869 utrumque
885 785 999 862 solem,
1031 783 1233 872 Antipodum

113 907 248 952 occasus
271 885 530 970 exorientemque
550 895 705 964 nostrum,
734 886 821 969 quod
840 885 910 950 fieri
934 885 1024 950 nullo
1045 886 1141 952 modo
1160 897 1231 972 pot-

115 999 175 1066 est,
199 999 264 1052 tam
284 998 376 1053 vasto
397 987 478 1052 mari
498 988 740 1053 interveniente.
768 983 836 1067 Qui
856 986 932 1053 alibi
953 1008 1053 1071 quam
1072 987 1109 1051 in
1131 1010 1240 1053 seme--

114 1089 171 1152 stri
196 1089 269 1152 luce
291 1089 486 1154 constituere
514 1109 580 1166 eos,
610 1109 716 1153 serere
744 1086 919 1164 matutinis,
945 1087 1081 1153 meridie
1103 1100 1231 1167 metere,

113 1187 279 1253 occidente
300 1188 387 1253 fetus
408 1188 559 1253 arborum
580 1187 761 1272 decerpere,
784 1187 932 1254 noctibus
952 1188 987 1252 in
1008 1210 1128 1273 specus
1143 1189 1232 1255 condi

115 1288 323 1354 tradiderunt
359 1287 391 1351 N
392 1310 430 1354 ee
457 1288 533 1355 licet
559 1286 706 1353 dubitare
733 1286 773 1352 de
802 1299 898 1375 gente
924 1311 980 1364 ea3
1014 1299 1063 1353 tot
1089 1300 1264 1356 auctoresu

113 1390 257 1477 produnt
278 1390 409 1477 frugum
422 1389 579 1475 primitias
594 1388 703 1454 solitos
716 1388 823 1454 Delon
837 1388 964 1454 mittere
978 1388 1124 1475 Apollini
1139 1413 1232 1476 quem

113 1491 289 1575 praecipue
318 1490 435 1554 colunt.
457 1489 610 1576 Virgines
637 1487 786 1554 ferebant
814 1510 885 1567 eas,
913 1489 1062 1575 hospitiis
1088 1493 1233 1579 gentium

115 1611 174 1673 per
194 1611 294 1652 annos
315 1589 436 1672 aliquot
458 1588 666 1667 venerabiles,
689 1589 790 1654 donec
810 1590 929 1654 violata
941 1588 1006 1656 fide
1019 1591 1055 1654 in
1068 1593 1234 1677 proxumis

114 1687 299 1770 adcolarum
319 1687 437 1752 finibus
458 1688 620 1773 deponere
642 1711 733 1754 sacra
753 1711 793 1752 ea
806 1689 973 1754 instituere
986 1689 1086 1775 hique
1099 1692 1144 1756 ad
1158 1714 1234 1758 oon-

116 1790 266 1855 terminos
288 1788 425 1866 deferre,
448 1800 545 1873 atque
566 1790 613 1854 ita
624 1789 731 1856 Delon
752 1811 872 1873 usqne;
894 1813 969 1855 mox
991 1800 1024 1855 et
1044 1791 1107 1857 hoo
1128 1792 1238 1878 ipsum
1272 1874 1276 1880 ,

114 1889 264 1959 exolevit.
302 1886 491 1966 Sarmatiae,
521 1886 684 1973 Scythiae,
714 1888 872 1953 Tauricae
899 1889 1069 1973 omnisque
1089 1913 1110 1954 a
1130 1890 1237 1977 Bory-

114 1993 226 2061 sthene
241 2013 333 2057 amne
349 2000 468 2056 tractus
481 1988 648 2078 longitudo
662 2007 853 2053 nooconxxx
864 2011 900 2066 u,
914 1989 1051 2055 latitudo
1064 2011 1200 2057 ncoxrn
1213 2014 1240 2059 u

113 2094 195 2164 ΨΜ.
211 2093 363 2181 Agrippa
378 2092 494 2157 tradita
508 2102 566 2157 est.
588 2089 662 2179 Ego
675 2088 830 2155 incertam
845 2090 879 2154 in
894 2089 955 2154 hac
972 2101 1131 2157 terrarum
1145 2104 1240 2180 parte

114 2215 297 2266 mensuram
319 2192 464 2262 arbitror.
702 2181 704 2184 ⁴

140 2397 229 2464 felicia
242 2412 289 2446 ore
300 2396 440 2461 temperior,
453 2395 548 2457 Rigalt.
561 2410 601 2460 ap.
613 2395 720 2446 Salmas.
733 2409 815 2445 exerc.
826 2410 851 2459 p.
866 2401 921 2446 146.
934 2396 959 2445 b.
969 2395 1004 2445 D.
1017 2433 1049 2444 -
1059 2397 1141 2460 flotu,
1157 2391 1187 2448 θ.
1205 2439 1236 2449 -

113 2467 343 2525 dinoscentes.
362 2503 394 2512 ..
412 2462 456 2523 lis,
469 2463 501 2512 B.
520 2503 552 2511 -
572 2463 688 2530 propetis,
700 2464 745 2513 1t1.
764 2503 796 2512 -
813 2462 903 2524 discor,
914 2462 960 2513 R‘.
978 2459 1129 2525 discordiae,
1140 2467 1186 2517 13².
1205 2504 1235 2515 -

120 2538 211 2584 'notae
233 2534 266 2584 R.

114 2554 163 2664 ¹95
176 2571 220 2653 so’
234 2600 349 2661 satietati,
360 2600 393 2649 R.
411 2638 443 2647 -
462 2594 616 2660 delibutoque,
632 2589 710 2647 O'l'd.
729 2595 882 2659 dilibutoque,
895 2595 956 2646 ΒΑ.
975 2593 1146 2661 dilibutisquo,
1157 2594 1189 2660 β
1202 2639 1233 2650 .,

115 2670 192 2732 renio,
204 2670 229 2718 R
238 2663 316 2718 OTu
334 2668 395 2727 seni,
407 2666 441 2716 A.
460 2664 563 2724 senibus,
575 2661 603 2726 β.
624 2705 654 2712 -
673 2679 693 2726 e,
705 2664 730 2714 R
742 2661 835 2725 (lton.)
854 2681 890 2724 ae,
902 2665 935 2715 A.
954 2678 991 2722 ex,
1004 2659 1078 2727 (1βγ.
1097 2705 1129 2714 ..
1146 2667 1236 2716 salicti·

116 2739 185 2799 tium,
196 2737 327 2788 RATdo
341 2731 434 2795 (Rob.)
451 2732 602 2793 salientibus,
613 2728 663 2795 βγ.
683 2773 715 2780 -
732 2729 805 2791 Asia,
822 2731 853 2779 R.
872 2771 904 2779 -
922 2729 989 2793 quio,
1002 2730 1071 2780 Piut.
1095 2732 1236 2783 Confirmat

114 2807 193 2855 Paris.
212 2806 294 2853 codex
310 2805 378 2866 apud
388 2802 467 2851 Hard.
485 2799 534 2863 qui,
547 2799 623 2849 RAd
633 2795 725 2859 (Rob.)
734 2794 763 2859 β,
776 2800 851 2860 quod,
863 2812 1018 2860 quamquam
1029 2799 1124 2858 durius,
1136 2798 1236 2849 defendi

115 2879 207 2935 potest,
219 2872 240 2918 si
252 2883 318 2932 pone
330 2869 425 2917 nomine
436 2870 519 2916 denno
532 2875 588 2916 sunt
597 2867 725 2928 repetitur.
738 2904 769 2914 ..
781 2863 946 2925 similitudine,
956 2865 1018 2914 ΒΑ.
1036 2863 1235 2928 etsimilitudint,

115 2940 138 2987 (1.
156 2935 231 2985 simili
242 2933 421 2993 consuetudine,
433 2936 498 2983 Rob.
511 2948 536 2997 γ.
555 2932 631 2983 simili
641 2930 793 2993 habitudine,
805 2933 911 2983 Salmas.
924 2946 1006 2981 exerc.
1019 2947 1044 2996 p.
1059 2938 1117 2982 145.
1125 2935 1149 2983 b.
1159 2933 1190 2984 G.
1202 2972 1234 2982 ..

114 3003 184 3065 situs,
196 3005 221 3053 R
229 3001 276 3051 2Α.
296 2999 385 3060 situas,
397 3002 422 3049 It
432 3003 446 3048 ¹.
464 3003 523 3061 situ,
535 3003 552 3050 d
563 2998 625 3062 (vid.
637 2996 715 3061 infra)
727 3001 793 3049 Rob.
805 2995 856 3063 βγ.
878 3000 1016 3049 Attacoros
1028 3000 1091 3050 dicit
1102 3001 1169 3051 Plin.
1180 3000 1235 3064 Hy·

115 3071 242 3137 porboreis
255 3069 348 3119 similes
361 3082 478 3116 essenon
490 3072 568 3118 modo
579 3069 679 3117 vivendi
690 3068 796 3127 ratione,
813 3068 856 3116 sed
868 3075 893 3117 et
904 3068 967 3128 situ3
983 3066 1062 3116 situm
1069 3082 1131 3117 vero
1140 3075 1235 3118 uuum·

115 3156 164 3204 que
180 3153 266 3203 parem
283 3136 360 3185 fuisse
377 3136 470 3183 docent
486 3137 557 3199 paria
572 3135 625 3185 iere
645 3137 722 3185 verba
737 3131 773 3196 (t,
788 3132 849 3195 55.),
870 3141 895 3182 ct
910 3135 1005 3183 rictum
1017 3135 1133 3197 utrisque
1149 3149 1235 3199 parem

115 3210 237 3259 tributum
254 3219 316 3266 esse,
334 3203 455 3265 colligere
470 3219 605 3265 possumus
623 3203 689 3264 inde,
708 3205 778 3266 quod
788 3202 915 3251 Pliniusl
931 3201 993 3250 lde
1009 3203 1125 3264 utrisque
1136 3202 1236 3266 populis

115 3275 252 3337 singularia
267 3273 418 3334 scriptorum
433 3271 565 3319 volumina
580 3276 679 3318 exstare
696 3270 768 3329 dicit,
786 3270 855 3330 qnod
867 3276 933 3317 certe
944 3283 998 3317 non
1014 3268 1128 3330 iecisset,
1144 3270 1194 3319 nisi
1205 3272 1235 3319 da

115 3345 227 3406 utrisque
239 3340 349 3404 populis,
367 3338 457 3401 quibus
474 3338 611 3387 similitudo
624 3336 687 3385 situs
699 3337 859 3395 tribuebatur,
877 3337 928 3384 alia
944 3337 1021 3384 enam
1034 3337 1128 3386 similia
1143 3336 1236 3386 abillis

116 3410 279 3473 scriptoribus
294 3414 395 3457 narrata
410 3405 524 3454 fuissent.
543 3443 575 3452 ..
591 3401 745 3464 Attacorum,
761 3404 794 3453 A.
820 3401 976 3463 Actaeorum,
994 3404 1026 3453 R.
1053 3401 1195 3462 Atooorun,
1206 3399 1235 3464 β.

116 3474 268 3536 Sotocornm,
284 3476 351 3524 Rob.
374 3480 537 3529 usotaoorum,
554 3472 577 3519 d.
603 3470 646 3518 lix
662 3471 711 3520 hac
727 3472 849 3533 scriptura
866 3471 960 3518 codicis
976 3472 993 3519 d
1009 3477 1115 3535 apparet
1128 3472 1158 3520 in
1173 3472 1236 3520 libro

116 3545 169 3593 eius
181 3544 320 3606 archetypo
332 3542 409 3590 ninus
421 3541 542 3602 scriptum
553 3536 631 3587 fuisso
642 3538 680 3586 uti
692 3540 719 3587 in
730 3539 779 3587 111.
797 3535 910 3599 Atocori,
922 3538 989 3587 Pint.
1009 3577 1041 3586 ..
1060 3538 1146 3599 solum,
1158 3538 1190 3588 R.
1205 3577 1235 3586 ..

117 3626 226 3671 occasus,
238 3610 322 3661 aad.
341 3623 458 3666 occasum,
470 3607 534 3657 Rob.
546 3600 597 3669 βγ.
610 3647 641 3655 ..
655 3605 680 3654 in
691 3604 895 3667 exorientemque,
907 3617 931 3652 σ.
950 3605 1116 3669 orientemque,
1129 3605 1195 3655 Rob.
1205 3644 1235 3654 ..

117 3671 418 3738 quodfieri,Rd(Rob.)
442 3688 513 3736 quae,
525 3674 559 3723 A.
579 3713 610 3721 ..
632 3666 979 3734 Qantaaosuurfflob.)
1005 3668 1186 3736 Quinemssr.
1206 3710 1235 3720 .,

116 3744 249 3802 semenstri,
260 3742 294 3791 Α.
314 3783 345 3790 ..
364 3749 451 3790 metere
468 3739 574 3801 meridie,
592 3742 615 3790 d.
634 3781 666 3789 -
684 3738 811 3800 occidente,
828 3738 906 3789 RAd
923 3735 1017 3801 (Rob.)
1045 3737 1170 3790 occidente
1182 3739 1236 3798 sole,

116 3804 167 3871 βγ.
188 3847 218 3856 -
237 3823 323 3871 specus
335 3807 412 3868 condi,
425 3807 472 3857 Ad
484 3803 575 3870 (Rob.)
594 3823 659 3873 speo,
671 3810 718 3860 lta
737 3821 832 3872 specus,
844 3806 893 3858 iil.
