2714 4710
314 297 396 343 snm.
412 297 450 342 11.
480 296 557 369 oar.
574 298 804 344 xum-xxm.
837 297 934 345 snos.
953 300 1041 344 reno.
1182 283 1241 345 129

117 447 268 525 habeant,
292 448 350 513 sed
363 470 513 513 maxume
536 470 577 512 ex
598 448 649 512 his
670 449 776 513 medio
798 450 869 513 loco
892 449 954 528 siti,
978 449 1123 514 fortassis
1138 472 1241 536 quon·
1313 494 1317 498 -

116 549 183 612 iam
216 549 403 637 contagium
436 546 526 613 nimii
558 549 678 613 umoris
719 570 760 615 ex
793 550 949 635 superiori
985 550 1104 615 circulo
1145 562 1242 635 atque

116 649 241 715 ardoris
269 672 311 713 ex
340 649 484 715 subiecto
509 672 569 735 per
596 649 682 714 huno
708 661 831 715 motum
854 660 1002 738 egerant3
1030 651 1169 736 ideoque
1191 652 1241 717 di-

117 760 208 816 ctum
234 749 347 814 Iovem
381 749 515 842 fulmina
547 750 688 815 iaculari.
730 750 820 839 Ergo
852 762 890 816 ut
919 774 943 816 e.
965 751 1121 838 flagrante
1154 753 1242 840 ligno

116 850 215 916 carbo
243 873 317 915 oum
347 851 487 936 crepitu,
519 852 565 916 sic
595 874 614 914 a
641 851 747 916 sidere
776 853 923 917 caelestis
954 852 1041 940 ignis
1074 854 1242 939 exspuitur

113 951 278 1037 praescita
299 973 410 1016 secum
437 952 597 1030 adferens,
625 974 667 1016 ne
693 952 843 1018 abdicata
869 952 1000 1039 quidem
1021 954 1071 1019 sui
1091 966 1185 1040 parte
1206 955 1241 1019 in

114 1052 234 1117 divinis
263 1062 408 1117 cessante
435 1052 598 1138 operibus.
633 1053 737 1136 quue
763 1076 925 1118 maxume.
940 1055 1067 1120 turbato
1087 1055 1125 1119 fit
1152 1078 1239 1135 aere,

114 1153 195 1236 quia
218 1153 380 1218 collectus
392 1174 487 1216 umor
507 1152 735 1219 abundantiam
757 1154 900 1220 stimulat
920 1165 977 1220 aut
997 1157 1074 1239 quia
1093 1158 1241 1222 turbatur

113 1253 259 1337 quodam
281 1276 342 1318 ceu
362 1253 488 1339 gravidi
511 1253 625 1318 sideris
646 1265 752 1339 partu.

160 1353 261 1418 XXI.
297 1355 347 1418 19.
375 1353 549 1419 Intervalla
571 1375 700 1439 quoque
723 1354 864 1419 siderum
886 1377 905 1419 a
927 1366 1012 1420 terra
1032 1357 1125 1422 multi
1146 1358 1239 1424 inda-
1253 1375 1285 1419 ss

111 1477 195 1544 gare
225 1465 424 1540 temptarunt
451 1464 484 1519 et
509 1455 609 1521 solem
631 1455 744 1520 abesse
766 1475 786 1518 a
805 1456 882 1519 luna
902 1454 1104 1545 undeviginti
1125 1460 1238 1545 partis,

112 1566 273 1640 quantum
286 1556 395 1621 lunam
408 1555 512 1640 ipsam
534 1579 553 1619 a
575 1566 669 1634 terra,
692 1555 921 1641 prodiderunt3
943 1555 1146 1646 Pythagoras
1161 1583 1239 1625 vero
1338 1548 1341 1551 ¹

111 1657 166 1721 vir
188 1654 314 1744 sagacis
336 1655 434 1719 animi
456 1666 583 1720 eterra
608 1655 651 1719 ad
676 1657 785 1720 lunam
808 1670 924 1718 cxxvr
949 1655 1037 1721 milia
1064 1660 1239 1724 stadiorum

111 1779 188 1822 esse
218 1745 354 1842 colligit,
384 1756 426 1820 ad
453 1757 552 1821 solem
579 1755 620 1821 ab
651 1778 689 1821 ea
718 1755 868 1841 duplum,
897 1754 973 1820 inde
1000 1757 1042 1820 ad
1068 1759 1239 1826 duodecim

112 1858 210 1946 signa
231 1857 435 1942 triplicatum,
463 1858 496 1922 in
525 1879 589 1943 qua
616 1859 774 1922 sententia
796 1867 829 1921 et
852 1853 967 1922 Gallus
989 1855 1153 1946 Sulpicius
1175 1861 1238 1926 fuit

110 1970 234 2025 noster.

158 2059 277 2125 XXII.
311 2061 362 2125 20.
394 2057 462 2125 Sed
482 2059 684 2146 Pythagoras
711 2060 874 2126 interdum
902 2085 943 2126 ex
970 2063 1093 2128 musica
1113 2064 1236 2128 ratione
1250 2079 1283 2122 84

110 2162 255 2250 appellat
278 2172 399 2240 tonum,
423 2172 578 2244 quantum
599 2162 683 2226 obsit
704 2185 724 2226 a
746 2173 831 2226 terra
851 2163 942 2241 luna3
966 2164 1007 2228 ab
1030 2187 1068 2228 ea
1089 2164 1130 2228 ad
1144 2162 1234 2228 Mer-

112 2261 240 2329 curium
267 2262 434 2327 dimidium
461 2263 530 2328 eius
557 2263 640 2349 spati
663 2275 696 2328 et
721 2263 762 2328 ab
785 2285 822 2327 eo
843 2264 885 2328 ad
905 2262 1043 2330 Veneris
1073 2265 1139 2328 sere
1163 2275 1234 2329 tan·

111 2364 265 2441 tundem‚
301 2385 320 2427 a
347 2385 411 2449 quo
444 2363 487 2427 ad
514 2365 613 2428 solem
643 2363 843 2447 sescuplum,
877 2385 897 2426 a
926 2364 992 2429 sole
1024 2365 1066 2427 ad
1094 2362 1235 2429 Martem

111 2474 225 2528 tonum
253 2463 287 2527 id
313 2475 365 2528 est
392 2474 546 2546 quantum
573 2464 614 2526 ad
641 2465 750 2526 lunam
771 2473 907 2539 eterra,
938 2463 979 2528 ab
1003 2486 1040 2528 eo
1061 2465 1103 2528 ad
1122 2464 1234 2531 Iovem

107 2703 224 2771 prestito,
236 2705 265 2755 P.
276 2745 307 2752 ..
318 2705 443 2765 abdicata,
452 2704 521 2753 Ru.
539 2701 663 2764 radicato,
675 2702 740 2753 R¹d.
760 2701 867 2764 reddita,
876 2703 905 2753 P.
917 2745 948 2752 ..
958 2706 1059 2766 minime,
1072 2706 1111 2755 α’.
1127 2707 1232 2769 andnima,

110 2772 162 2822 R1.
182 2813 212 2821 -
232 2772 272 2834 sit,
283 2770 365 2822 R¹a¹.
385 2812 417 2820 ..
436 2769 575 2831 stimulant,
587 2772 617 2820 P.
637 2811 668 2819 ..
687 2785 736 2830 ceu,
749 2771 840 2820 Pa²d.
859 2768 912 2832 celi,
925 2771 963 2820 a¹.
983 2771 1058 2832 caeti,
1070 2776 1101 2824 B„
1121 2815 1152 2823 -
1172 2791 1232 2840 qra-

111 2837 176 2901 υἰάἰ,
189 2840 260 2889 1³²2„
278 2840 359 2902 pravi,
371 2838 420 2889 3¹.
437 2837 534 2900 pravis,
545 2838 626 2886 P'ro„

147 2904 215 2966 §83.
234 2913 387 2970 temptarunt,
399 2905 478 2954 RPa.
500 2913 679 2968 temptaverunt,
696 2906 713 2953 d
729 2901 860 2966 (Robert.)
883 2914 1011 2966 tentarunt,
1027 2922 1047 2954 r.
1071 2914 1233 2967 tentaverunt,

109 2969 162 3037 ssr.
178 3014 209 3022 ..
221 2989 247 3033 α,
258 2988 308 3022 om.
320 2972 368 3022 3¹.
384 3014 415 3020 -
429 2969 604 3036 duodeuiginti,
616 2969 696 3024 Hard.
711 3012 743 3019 -
761 2978 887 3034 quantam,
896 2970 1079 3085 R¹3Equantou
1088 2973 1138 3021 12².
1154 2974 1232 3022 Plinii

110 3041 238 3090 sententia
249 3041 391 3103 explicatur
398 3040 480 3088 verbis
488 3040 620 3088 Plutarchi
629 3041 660 3087 de
686 3039 734 3086 lec.
743 3038 838 3100 philos.
849 3043 872 3097 2,
888 3043 928 3086 31.
972 3033 1128 3096 μπεδιικλ”ς
1140 3035 1230 3087 διπλά-

111 3121 171 3155 σιον
189 3103 299 3173 ἀπέχειν
312 3103 360 3171 τὴν
378 3100 491 3171 σελήνην
514 3101 567 3152 ἀπὸ
586 3105 635 3152 τοῦ
651 3054 729 3169 plion
745 3100 814 3168 ἤπερ
831 3099 884 3150 ἀπὸ
902 3105 952 3167 τῆς
964 3104 1024 3168 γῆς,
1041 3100 1073 3152 ol
1089 3053 1150 3154 dno
1168 3105 1230 3154 τῶν

109 3171 364 3240 μαθηματικῶν,
384 3167 763 3221 ὀκτωκαιδεκαπλάσιον.
796 3170 915 3220 Ceterum
929 3171 1006 3221 verba
1020 3173 1098 3222 Plinii
1113 3181 1232 3237 corrupta

111 3250 184 3303 sunt3
196 3257 256 3290 nam
270 3244 339 3304 quod
352 3242 433 3291 dicere
444 3240 534 3300 voluit,
551 3237 614 3288 solis
626 3239 736 3302 spatium
753 3254 768 3286 a
779 3235 841 3286 luna
857 3239 1013 3302 undeviginti
1025 3239 1137 3304 partibus
1150 3242 1231 3292 maius

111 3323 174 3370 osso,
192 3323 269 3371 quarn
286 3310 362 3358 lunae
377 3309 457 3371 ipsius
473 3307 584 3370 spatium
600 3322 615 3354 a
632 3313 706 3366 terra,
723 3305 750 3354 id
766 3305 792 3354 in
804 3305 857 3354 eius
868 3304 959 3367 verbis,
976 3308 1014 3356 uti
1025 3323 1093 3357 nnnc
1104 3310 1231 3372 leguntur,

111 3391 167 3426 non
177 3376 252 3425 inest.
275 3375 313 3424 At
323 3384 414 3424 neutra
426 3389 529 3438 quoque
541 3374 634 3423 codicis
646 3375 671 3423 R
687 3388 776 3422 manus
793 3372 908 3423 sufficere
929 3374 1035 3436 videtur,
1053 3384 1078 3424 et
1094 3378 1143 3426 nisi
1158 3378 1233 3441 plura

111 3444 189 3493 verba
200 3442 227 3491 h.
239 3443 257 3491 l.
270 3444 424 3503 exciderunt,
438 3457 511 3505 quam
523 3450 638 3506 quantam
654 3441 812 3490 scribendum
829 3455 883 3490 asse
895 3443 1098 3493 existimaverim.
1117 3485 1149 3492 -
1168 3444 1232 3509 ipsc,

111 3511 144 3560 B„
157 3550 190 3558 -
206 3508 334 3560 CXXVI
343 3509 541 3568 mittamus.
565 3504 698 3569 CXXVI,
710 3508 734 3556 T
743 3499 788 3558 Or.
815 3507 931 3570 CXXV,¹
942 3507 978 3559 R¹
995 3505 1125 3573 (Robert.)
1144 3510 1234 3574 vipints'

118 3573 247 3638 Vmitlta,
264 3591 287 3626 σ.
307 3618 338 3625 -
358 3575 418 3626 colli
436 3576 462 3637 it,
479 3568 606 3626 sorar.
630 3574 740 3637 culleus,
758 3577 775 3625 d
795 3571 925 3639 (Robert.)
942 3571 994 3640 βγ.
1014 3617 1045 3624 ..
1064 3575 1189 3626 adsolent
1201 3579 1232 3625 ab

113 3661 149 3762 a
161 3645 324 3759 tuat
341 3662 371 3759 ι
390 3593 1081 3774 Ᾰινιινιιιαιιιιῑιινειιν·
1101 3683 1132 3692 -

155 3747 162 3760 ·
182 3751 214 3760 -
257 3747 264 3772 ι
323 3747 328 3760 ·
359 3747 365 3759 ·
385 3752 416 3759 -
576 3747 582 3770 ι
810 3747 816 3759 ·
984 3747 990 3772 ν
1046 3747 1052 3759 ·

145 3781 217 3842 §et
236 3793 273 3839 en,
286 3779 337 3829 Ru.
352 3787 381 3838 et,
395 3771 470 3827 OPa.
489 3777 541 3827 Sua
552 3779 612 3826 hinc
623 3777 731 3839 sumpsit
743 3776 872 3827 Censor-in.
886 3780 917 3826 de
929 3778 969 3826 die
980 3784 1031 3826 nat.
1045 3783 1084 3826 13.
1099 3818 1131 3825 ..
1150 3774 1234 3842 appel·

115 3843 243 3906 lationem,
255 3847 287 3894 R.
307 3885 339 3894 ..
358 3842 484 3895 dimidium
501 3845 555 3893 eius
572 3845 656 3908 spatii,
672 3846 737 3894 R2d.
762 3840 889 3894 dimidium
907 3843 994 3907 spatii,
1011 3845 1096 3894 R¹Pa
1107 3841 1233 3908 (Richel.)

114 3910 196 3978 spatii
207 3909 343 3973 dimidium,
357 3905 402 3961 Or.
421 3911 497 3976 spatii
507 3910 563 3958 eius
575 3911 709 3970 dimidium,
720 3904 772 3974 βγ.
792 3951 823 3958 ..
842 3925 881 3970 eo,
893 3911 924 3959 Τ.
944 3950 976 3958 -
1000 3909 1112 3972 Veneria
1129 3905 1233 3961 RUTr.

120 3979 245 4038 Veneror,
265 3979 330 4028 Psd
350 3975 477 4044 (Richel.)
496 3972 547 4042 βγ.
567 4018 598 4025 ..
609 3977 669 4040 fere
690 3974 840 4037 tantundem,
861 3979 901 4025 αἳ.
924 3976 1013 4027 Omitt.
1033 3971 1237 4028 RTPOaldro

117 4043 243 4108 (Richel.)
262 4087 293 4094 -
313 4062 367 4109 quo,
379 4039 554 4095 RTOPaur.
574 4059 632 4106 qua,
644 4043 744 4092 Richel.
756 4037 806 4107 βγ.
824 4080 857 4091 ,
875 4041 1021 4108 sescuplum,
1033 4047 1093 4095 ado
1107 4042 1234 4109 (Richel.)

118 4110 271 4178 sexcuplum,
288 4111 318 4162 P.
346 4110 478 4178 octuplum,
495 4112 525 4161 Τ.
553 4109 710 4174 coemptum,
727 4111 830 4160 Barbur.
848 4105 907 4170 Rss.
926 4151 958 4158 -
981 4129 998 4160 o
1014 4110 1065 4162 sole
1083 4153 1113 4161 ..
1132 4114 1234 4178 siqnise·

119 4195 233 4297 rurppm.
244 4180 274 4298 f
294 4189 326 4228 ’-
346 4187 426 4241 totum,
438 4195 461 4230 a.
481 4219 511 4228 ..
530 4175 567 4226 ad
576 4175 670 4237 Iouem,
682 4178 755 4229 Rad.
774 4192 852 4240 usque
863 4175 955 4239 Iouem,
970 4173 1021 4243 βγ.

190 4261 227 4296 m.
260 4285 265 4296 Ι
612 4272 616 4277 .
