2714 4710
120 301 251 345 XXXVIII
576 301 767 344 palarmo.

120 456 176 513 bus
195 448 289 515 1836.
307 470 353 512 ur.
374 447 445 513 167.
468 447 540 513 168.
559 471 591 529 p.
610 446 789 511 294-302.
808 451 893 511 docta
911 450 1063 529 exposuit,
1077 449 1151 510 nibil
1163 452 1236 510 novi

119 564 242 634 habent,
261 562 341 639 quod
364 579 424 621 non
443 561 474 620 in
496 560 573 619 libro
594 560 803 637 Bambergansi
821 567 874 620 aut
900 578 994 637 aeque
1012 568 1092 620 recte
1111 568 1165 621 aut
1184 578 1235 620 rc·

117 671 191 730 etius
202 670 328 747 legatur.

157 779 293 855 Duorum
307 777 441 837 codicum
458 779 685 840 Crotoniensium
701 779 732 837 in
744 778 919 839 bibliotheca
931 777 1132 838 universitatis
1151 777 1235 839 illius

116 889 199 948 urbis
224 895 408 947 servatorum
428 887 554 964 primam
572 905 628 964 ego
646 886 780 947 notitiam
798 894 948 971 acceptam
965 885 1060 946 -rctnli
1077 884 1236 947 Nicolao

115 995 262 1070 Baebio,
277 997 354 1068 viro,
367 996 568 1056 duminvivie
578 1003 651 1069 erat,
661 995 847 1070 amicissimo,
859 996 1048 1072 quiinusum
1058 1005 1157 1056 mcum
1166 997 1237 1056 lfori

116 1099 196 1176 35.§
211 1100 262 1165 79.
275 1100 327 1164 80.
339 1104 493 1182 excerpsit
508 1103 753 1165 Postealoann.
765 1104 1236 1184 Troianskiinprogrammata

114 1213 279 1274 academico
293 1231 321 1273 a.
337 1192 428 1275 1841.
443 1214 519 1273 edito
534 1190 564 1273 et
576 1215 694 1292 ab'ipso
707 1220 827 1274 ancmre
836 1213 1107 1274 benevolentissImc
1120 1231 1237 1274 mecum

116 1324 330 1383 communicato
347 1341 407 1381 non
433 1323 530 1382 solum
553 1330 711 1399 utrumque
734 1323 864 1383 codicem
890 1323 1056 1383 accuratius
1080 1322 1236 1400 descripsit

114 1451 273 1509 eorumque
297 1431 443 1510 specimen
470 1432 596 1505 addidit,
628 1432 841 1491 verumetiam
866 1431 1057 1509 praefationis
1080 1404 1237 1492 Pliniance

115 1545 146 1611 §5
163 1536 277 1601 1..15.
292 1559 330 1600 ex
348 1546 474 1615 utroque
494 1539 593 1599 codice
613 1559 679 1599 cum
699 1540 833 1599 omnibus
855 1540 934 1599 vitiis
953 1539 1115 1618 descriptas
1135 1539 1236 1600 edidit.

113 1649 155 1707 Et
174 1657 219 1709 eat
239 1649 356 1726 quidem
378 1649 472 1707 codex
490 1648 565 1708 alter
583 1651 826 1708 membranaceus
851 1642 900 1727 (η)
928 1647 1047 1707 saeculo
1072 1645 1164 1707 XIII.
1185 1647 1235 1708 vel

113 1758 211 1835 potius
225 1757 314 1817 XIV.
330 1759 480 1834 eleganter
499 1759 626 1835 scriptus
647 1776 716 1816 cum
730 1756 827 1815 codice
839 1754 1019 1815 Londinensi
1041 1749 1096 1836 (Δ)
1116 1754 1236 1829 intere

115 1867 313 1936 consentiens,
332 1871 381 1937 ut,
400 1866 480 1940 quod
499 1866 559 1924 iam
574 1864 732 1924 Troianski
749 1875 828 1925 recte
841 1863 1063 1938 animadvertit,
1077 1883 1116 1924 ex
1130 1865 1236 1924 eodem

114 1993 181 2034 cum
202 1973 256 2032 illo
275 1973 356 2033 fonte
379 1973 529 2032 derivatus
550 1991 614 2032 essa
635 1973 784 2045 videatur3
806 1973 883 2033 alter
904 1975 1075 2033 chartaceus
1096 1968 1144 2054 (λ)
1165 1991 1235 2033 sae·

115 2082 181 2142 culo
202 2079 275 2141 XV.
297 2089 436 2142 exaratus
458 2099 526 2140 cum
546 2080 630 2140 libris
651 2081 845 2141 deterioribus
865 2081 946 2142 iacit.

155 2191 274 2268 Agmeu
295 2189 405 2249 claudit
424 2189 519 2248 codex
543 2189 670 2250 incertae
691 2189 883 2250 bibliothecae
909 2188 955 2268 (o)
976 2209 996 2250 a
1016 2189 1234 2274 Saelendurps’o

114 2300 183 2359 olim
204 2318 272 2360 cnm
292 2296 417 2358 editione
436 2297 599 2358 Basileensi
621 2293 715 2359 1525.
737 2301 775 2369 ad
789 2301 897 2360 librum
917 2298 1033 2358 11..v.
1054 2298 1126 2358 satis
1146 2315 1234 2358 accu-

30 2404 35 2415 '
113 2417 176 2467 rata
197 2408 334 2480 collatus,
356 2408 406 2482 qui
418 2408 503 2479 liber,
522 2426 590 2466 cum
611 2416 698 2467 antea
717 2410 743 2467 I.
765 2409 805 2468 Α.
828 2407 947 2468 Ernesti
966 2408 1077 2479 luisset,
1098 2423 1178 2466 nunc
1199 2405 1232 2465 in

113 2517 290 2576 bibliotheca
317 2517 411 2593 Regin
435 2516 597 2576 Drasdensi
624 2526 761 2577 servatur
786 2511 868 2596 (vide
892 2516 995 2576 Eberti
1014 2516 1118 2574 histor.
1139 2512 1231 2573 umus

113 2624 244 2684 b1blioth.
258 2644 288 2702 p.
310 2618 411 2704 290).
431 2625 596 2710 Innumeris
622 2627 734 2684 mendis
763 2626 812 2684 vel
836 2625 1016 2702 negligentia
1042 2623 1092 2683 vel
1115 2620 1232 2682 inacifia

112 2733 225 2793 librarii
248 2733 320 2792 ortis
347 2733 458 2792 obsitus
488 2741 518 2792 et
542 2751 662 2791 manum
686 2733 902 2809 interpolatoris
932 2752 992 2793 non
1019 2751 1079 2792 uno
1107 2731 1139 2790 in
1163 2731 1232 2791 loco

113 2859 235 2920 passus,
261 2842 344 2901 cuius
364 2839 626 2929 luculentissimum
654 2842 821 2918 exemplum
849 2838 885 2914 5,
914 2837 966 2903 51.
993 2839 1231 2919 deprehenditur,

113 2961 212 3013 tamen
232 2949 422 3011 deterioribus
443 2947 526 3010 libiis
545 2969 606 3010 non
626 2958 672 3009 est
691 2951 898 3022 accensendus,
920 2941 1024 3025 ut'qui
1044 2967 1132 3027 saepe
1152 2947 1233 3026 opti·

113 3078 230 3121 morum
250 3060 393 3119 librorum
412 3048 588 3138 scripturam
608 3059 780 3119 auctoritate
801 3078 856 3118 sua
875 3060 1035 3119 confirmet.

154 3169 279 3230 Praeter
298 3169 354 3229 hos
375 3170 499 3243 codices,
520 3187 594 3245 quos
615 3175 667 3228 aut
687 3187 741 3245 per
762 3172 858 3227 totum
878 3187 952 3245 opus
972 3175 1025 3226 aut
1043 3183 1098 3243 per
1117 3174 1233 3243 partem

113 3288 193 3341 certe
213 3277 276 3336 eius
297 3277 430 3351 cognitos
451 3277 603 3351 habemus,
624 3277 680 3336 viri
700 3277 778 3337 'docti
797 3277 907 3355 passim
927 3252 1087 3353 scripturas
1106 3293 1146 3334 ex
1165 3273 1233 3334 aliis

113 3381 261 3443 codicibus
281 3383 312 3442 in
332 3368 461 3444 medium
481 3386 677 3462 protulerunt,
699 3404 774 3461 quos
794 3386 900 3464 partim
926 3386 1053 3449 eosdem¹
1069 3401 1137 3443 cum
1164 3383 1234 3443 aliis

113 3509 204 3568 supra
223 3492 455 3552 commemoratis
473 3510 537 3553 esse
555 3493 706 3569 probabile
722 3502 776 3555 est.
798 3494 864 3553 Hos
877 3495 936 3554 iam
950 3494 1052 3552 ordine
1065 3491 1234 3552 litterarum

65 3680 68 3689 ἢ
114 3601 300 3661 enumerabo.
321 3597 430 3662 Aloiati
442 3601 571 3660 codicem
584 3600 738 3663 laudatum
751 3603 834 3664 vides
847 3604 886 3663 ad
899 3598 952 3677 33,
963 3597 1016 3662 40.
1036 3600 1158 3661 Amatur
1166 3598 1234 3660 Lu·

113 3709 226 3770 titanus
243 3709 396 3784 „codicem
418 3708 665 3786 antiquissimum''
685 3712 811 3789 inspexit
828 3711 868 3772 ad
886 3708 939 3784 21,
958 3706 1011 3770 41.
1033 3705 1087 3770 43.
1108 3707 1236 3770 Aruleni

113 3817 187 3877 liber
199 3827 446 3878 commemoratur
459 3819 497 3876 ad
509 3815 539 3892 7,
552 3815 634 3894 163,
649 3823 748 3900 Bayfii
756 3823 794 3879 ad
804 3816 857 3892 33,
868 3816 920 3880 40.
933 3815 986 3892 35,
1000 3813 1083 3893 163,
1097 3819 1235 3878 Bodleia-

114 3945 168 3988 nna
181 3924 266 4001 1114,
283 3922 345 3989 107
347 3968 367 3999 .,
387 3929 575 3990 Bononiensis
587 3936 720 3989 servatus
735 3930 788 4003 „in
796 3929 919 3989 libraria
928 3929 1076 3990 minorum
1085 3922 1233 3986 fratrum”

113 4054 133 4094 a
144 4035 202 4095 Pio
214 4037 254 4096 ad
267 4034 422 4096 Columell.
437 4035 479 4097 X.
493 4032 566 4097 333.
582 4038 653 4098 etin
668 4037 790 4098 Grutcri
802 4038 938 4116 lampade
952 4037 1015 4098 crit.
1028 4037 1066 4098 Τ.
1077 4037 1103 4097 Ι.
1114 4056 1145 4114 p.
1158 4029 1233 4097 555.

114 4142 223 4206 allatus
243 4154 288 4206 eat
308 4146 345 4206 ad
364 4147 461 4208 locum
482 4143 569 4205 Plinii
585 4142 635 4219 17,
650 4143 734 4221 264,
749 4149 885 4208 Boawclii
899 4147 992 4208 codex
1005 4149 1044 4207 ad
1059 4144 1089 4220 7,
1105 4140 1179 4206 201.
1194 4146 1233 4206 ab
