2714 4710
152 287 190 350 12
496 298 700 346 utrumme
722 296 917 346 msrosrsn

150 451 226 537 quia
239 450 414 517 Bibaculus
436 462 505 517 erat
527 462 559 515 et
579 449 767 525 vocabatur3
791 449 886 533 paulo
907 448 1013 512 minus
1023 446 1148 511 adserit
1161 445 1267 511 Varro

149 562 183 626 in
215 561 331 639 satiris,
352 561 418 625 suis
447 557 647 624 sesculixem
680 568 712 622 et
742 556 943 642 Flextabula.
992 554 1094 641 Apud
1121 552 1268 620 Graecos
1281 575 1313 619 as

150 670 246 736 desiit
265 669 380 757 nugari
400 668 564 749 Diodorus
586 676 618 731 et
640 666 830 751 βιβλιοθήκης
850 665 1013 729 historiam
1040 687 1131 728 suam
1151 664 1266 758 inscri-

149 780 224 865 psit.
246 777 357 863 Apion
379 777 508 861 quidem
529 774 841 863 grammaticusphio
863 795 959 857 quem
981 772 1129 838 Tiberius
1146 771 1269 838 Caesar

151 886 332 972 cymbalum
357 885 471 949 mundi
495 882 640 960 vocabat,
672 905 745 947 cum
770 883 919 967 propriae
947 882 1051 958 famae
1080 891 1268 967 tympanum

150 997 257 1082 potius
283 994 385 1060 videri
411 1003 531 1078 posset,
560 992 783 1056 inmortalitate
811 991 922 1055 donari
949 1014 968 1055 a
995 1013 1029 1056 se
1057 991 1196 1095 scrippit,
1226 990 1270 1065 ad

151 1127 233 1189 quos
254 1105 361 1188 aliqua
375 1100 595 1188 componebat.
629 1099 687 1164 Me
701 1121 764 1162 nou
778 1100 921 1183 paenitet
934 1100 1057 1165 nullum
1071 1095 1269 1192 festisiorem
1278 1128 1315 1194 '25

55 1262 60 1268 -
151 1213 351 1302 excogitasse
373 1211 518 1287 titulum3
543 1219 575 1274 et
595 1230 637 1272 ne
658 1208 692 1271 in
708 1216 809 1271 totum
823 1208 934 1273 videar
949 1205 1093 1275 Graecos
1105 1189 1268 1286 missuri,

87 1432 90 1439 ‘
194 1419 339 1479 Bibaculus,
366 1419 489 1468 editiones
513 1417 709 1477 vetustissimae,
739 1416 831 1478 quibus
857 1417 978 1479 neglectis
1001 1424 1091 1481 postea
1113 1417 1140 1465 in
1162 1419 1270 1466 eandem

152 1488 302 1550 scripturam
320 1487 464 1536 coniectura
480 1485 622 1534 incidcmnt
632 1484 812 1546 Dalecampius
830 1491 856 1532 21
867 1485 975 1534 Vossius
995 1487 1028 1534 ad
1044 1485 1176 1534 Catullum
1188 1499 1213 1547 p.
1227 1490 1268 1533 92.
1342 1515 1345 1522 ·

152 1555 243 1604 merito
264 1553 365 1616 probati
386 1570 402 1602 a
421 1552 539 1602 Bentleio
560 1553 593 1600 ad
613 1552 704 1601 Horat.
726 1551 779 1600 Sat.
800 1552 822 1600 I.
845 1557 889 1612 10,
916 1558 956 1601 32.
999 1552 1158 1601 Confirmant
1183 1551 1268 1600 Vatia

155 1627 229 1672 1950.
254 1626 326 1670 1951.
351 1625 424 1670 1952.
449 1615 538 1668 Escor.
559 1621 580 1669 I.
609 1627 634 1667 ut
654 1616 762 1677 baculus,
782 1610 869 1668 52111>
887 1617 1013 1680 (Murbac.
1036 1621 1108 1667 codd.
1127 1613 1268 1678 salmlsii),

154 1691 223 1751 qnod
244 1689 307 1737 mire
328 1688 472 1750 explicabat
493 1687 634 1736 Turnebus.
663 1683 797 1744 vivaculus,
815 1685 868 1734 Td.
895 1695 920 1735 ut
939 1685 1069 1744 masculus,
1090 1685 1173 1734 Vatia.
1194 1689 1268 1734 1953.

153 1756 241 1806 Antias
258 1756 329 1816 ciuis,
346 1756 485 1804 Rhenanus
501 1748 530 1815 β.
557 1753 602 1803 luc.
616 1761 671 1816 puto
687 1747 820 1801 Bibaculus
836 1753 904 1815 quia,
920 1753 1029 1801 Bahrius
1051 1753 1077 1801 12
1099 1752 1184 1801 22221.
1206 1752 1269 1801 Η21-

154 1824 220 1872 (1215.
240 1827 313 1872 1849.
331 1838 356 1884 p.
375 1827 432 1870 525.
456 1859 485 1867 ..
509 1837 587 1881 mam,
610 1820 632 1868 P
654 1817 750 1880 (Vatia.
773 1823 846 1867 1950.
870 1824 943 1869 1951.
967 1824 1039 1883 1952
1068 1820 1157 1868 Escor.
1178 1816 1214 1879 Ι.)
1237 1855 1268 1865 -

154 1891 272 1948 vocabar,
296 1888 380 1938 Vatic.
404 1891 477 1935 1950.
500 1892 573 1936 1951.
597 1891 670 1935 1952.
701 1889 789 1935 Escor.
816 1888 837 1936 Ι.
866 1925 894 1933 -
919 1886 993 1951 paula
1017 1887 1104 1946 minus,
1132 1877 1270 1935 bdrTAP

155 1953 281 2018 (Murbac.
304 1957 377 2003 codd.
399 1954 505 2002 Barbari
528 1963 554 2002 et
574 1953 704 2012 salmasii,
731 1953 814 2001 Vatic.
838 1958 911 2003 1953.
931 1954 1035 2016 Ugolet.
1056 1949 1167 2012 Iorian.)
1196 1951 1270 2016 paulo

155 2023 236 2082 nimis,
261 2022 304 2070 alii
325 2023 398 2070 codd.
419 2021 537 2079 Barbari,
560 2020 650 2069 Ambr.
668 2021 689 2069 Ι.
706 2022 741 2069 Π.
763 2021 894 2069 Barberini
917 2031 942 2069 et
962 2022 1006 2069 alii
1026 2035 1066 2082 ap.
1087 2019 1268 2069 Rcazonicum.

152 2089 316 2155 pantomimus,
332 2088 416 2136 Vatic.
436 2092 508 2136 1950.
523 2092 596 2135 1951.
611 2091 684 2135 1952.
702 2089 791 2137 Escor.
802 2089 832 2147 I.,
850 2101 959 2149 quorum
971 2089 1044 2137 codd.
1056 2088 1179 2136 lectiones
1191 2087 1268 2134 inter-

155 2156 248 2220 pretari
260 2156 385 2204 sustinent
394 2154 574 2214 Beeichemus,
586 2154 719 2215 Perottus,
736 2154 865 2203 Vitellius.
882 2155 913 2204 P.
937 2154 993 2204 Val.
1003 2155 1107 2218 primus,
1118 2154 1268 2204 Rhenanus.

162 2222 275 2274 Valerius
282 2224 382 2287 primus,
393 2216 422 2283 β.
432 2259 457 2268 -
468 2221 561 2282 asserit,
574 2223 647 2270 codd.
661 2223 694 2270 ad
704 2237 784 2270 unum
796 2236 892 2271 ornnes.
905 2223 975 2282 serio,
986 2221 1140 2272 Harduinus.
1151 2257 1174 2266 -
1193 2219 1269 2280 Varo,

155 2291 186 2342 Ρ.
202 2330 230 2339 -
243 2291 328 2356 satyri,
340 2290 453 2339 Murbac.
469 2328 497 2337 -
511 2289 568 2349 suis,
580 2282 630 2336 ΤΔ
642 2286 729 2349 (codd.
741 2288 867 2349 salmasii,
879 2291 966 2338 Escor.
980 2286 1014 2350 Ι.)
1031 2290 1076 2352 sui,
1093 2289 1110 2337 b
1127 2282 1269 2349 (Murbw.)

157 2359 225 2421 vi,d.
238 2358 399 2409 omittuntP
416 2354 512 2419 (Vatis.
533 2361 606 2406 1950.
626 2361 699 2405 1951.
719 2361 792 2405 1952.
812 2353 899 2415 1958.)
920 2395 949 2403 ..
969 2355 1270 2416 8222211222,Β21521·120.

159 2425 319 2492 sesculyssem
352 2439 377 2488 γ.
397 2423 553 2487 sesquulisse,
573 2424 646 2472 codd.
668 2423 793 2474 salmasii.
816 2421 1009 2489 sesquiulpssem,
1031 2424 1104 2472 codd.
1123 2421 1269 2472 1122222121.

157 2462 331 2553 2221125221
349 2490 475 2555 (Murbac.
493 2490 577 2540 Vatia.
596 2495 670 2540 1950.
684 2496 757 2539 1951.
772 2495 846 2539 1952.
860 2495 934 2540 1953.
952 2490 1188 2541 Escor.I.Barber.
1200 2489 1269 2539 LII.

158 2561 206 2610 ΙΠ.
219 2559 319 2619 subtulit,
330 2561 361 2609 P.
373 2559 440 2608 Vide
447 2559 577 2621 Popmam
589 2559 621 2606 ad
631 2558 741 2607 Varron.
754 2556 844 2619 fragm.
856 2572 881 2619 p.
894 2563 952 2607 383.
966 2560 1004 2607 ed.
1016 2557 1074 2621 Bip.
1090 2555 1272 2621 ..2122125212

158 2629 183 2676 5.
188 2626 338 2690 flentabulis,
359 2626 432 2674 codd.
454 2619 579 2674 salmasii.
593 2623 740 2688 flexiabula,
759 2618 779 2670 Δ
797 2622 922 2686 (Murbac.
940 2624 1109 2674 Barber.111.
1127 2629 1153 2672 21
1169 2623 1214 2672 alii
1230 2637 1271 2686 ap.

159 2688 283 2752 Bezzon.)
288 2690 438 2755 fluxiabula,
452 2693 468 2740 d
480 2689 575 2752 (Vatia.
590 2689 677 2751 1953.)
682 2691 814 2755 flexibilia,
825 2693 855 2741 P.
860 2691 998 2756 flesabula,
1014 2693 1103 2741 Esccr.
1114 2691 1136 2739 Ι.
1142 2689 1272 2754 flembula,

159 2761 243 2810 Vatic.
259 2764 332 2808 1950.
347 2764 419 2808 1951.
434 2763 507 2807 1952.
520 2760 622 2808 Barber.
632 2762 653 2808 I.
659 2761 694 2808 11.
699 2759 832 2822 flaurbula,
843 2760 875 2809 Τ.
879 2759 1020 2823 flexibulas,
1031 2755 1059 2819 β.
1072 2759 1139 2807 Vide
1150 2757 1272 2807 Hadrian.

159 2828 263 2879 Iunium
275 2829 308 2875 ad
318 2826 431 2876 Nonium
443 2841 468 2888 p.
482 2832 522 2875 26.
541 2825 660 2876 Ceterum
670 2826 715 2874 rix
726 2826 794 2875 ullus
805 2827 884 2876 totius
896 2827 973 2876 Plinii
984 2827 1058 2875 locus
1070 2832 1153 2874 tantas
1165 2831 1274 2887 2222122

160 2895 204 2944 hic
214 2894 274 2943 VV.
286 2895 344 2944 DD.
363 2894 532 2943 dubitationes
549 2894 630 2942 movit
641 2901 743 2955 tamque
756 2894 883 2943 mirabiles
895 2895 1052 2943 coniecturas
1063 2893 1214 2956 procrearit.
1239 2893 1275 2942 Et

160 2971 190 3012 21
206 2964 237 3012 de
253 2963 371 3012 Rhenani
387 2961 533 3011 coniectura
549 2969 646 3010 taceam
668 2976 701 3010 ex
718 2962 888 3023 superioribus
910 2962 1032 3039 petenda,
1054 2961 1181 3009 Barbarus
1198 2959 1274 3021 legit:

162 3048 232 3095 quum
236 3031 384 3094 facetissimi
394 3029 591 3080 lucubrationum:
602 3037 628 3078 ut
637 3030 677 3077 221
687 3037 742 3092 puto
759 3029 800 3091 qui
816 3030 864 3080 ait:
880 3027 1015 3078 Bibaculus
1032 3044 1098 3092 eram
1115 3035 1138 3076 21
1153 3029 1276 3091 accudere

159 3098 233 3162 paulo
249 3099 318 3148 nimis
335 3098 423 3148 asserit
444 3096 526 3147 Varro
536 3099 561 3147 in
572 3097 656 3147 satiris
671 3097 721 3146 suis
739 3094 884 3146 sesculixem
901 3105 923 3144 et
930 3095 1059 3160 flembulc,
1077 3107 1234 3162 quamquam
1249 3099 1276 3142 et

162 3165 254 3216 sustulit
264 3166 281 3214 i.
294 3181 315 3214 e.
329 3165 409 3213 erexit
420 3172 445 3213 21
456 3165 586 3215 2222112211
597 3164 656 3213 ferri
667 3177 742 3227 posse
754 3164 822 3212 dicit.
845 3164 1025 3226 Delecampius
1043 3161 1159 3210 coniicit:
1176 3162 1275 3210 2211212-

163 3250 214 3296 222.
231 3233 400 3281 Paratissimus
412 3231 545 3282 Bibaculus
553 3231 627 3295 paulo
639 3232 721 3280 minus.
738 3229 937 3280 Inicubrationum
949 3231 991 3294 qui
997 3238 1054 3294 puto
1064 3237 1090 3278 ut
1101 3236 1155 3278 erut
1171 3230 1275 3278 vocabu-

162 3309 215 3359 tur,·
226 3298 378 3348 salmasius:
391 3297 575 3348 lucubrationum
587 3316 604 3347 a
616 3298 710 3348 lucubrc
723 3299 764 3360 qui
771 3297 890 3362 utsucula
901 3306 991 3357 ceratn,
1004 3305 1027 3345 21
1037 3305 1135 3345 uocatur
1143 3312 1223 3359 panos
1240 3293 1278 3344 uel

161 3366 260 3430 planos.
279 3363 373 3414 Asserit
390 3363 470 3414 Varro
482 3366 507 3414 in
517 3366 606 3429 satyris
622 3364 774 3428 sesquiulisse
785 3365 970 3428 2121221252112,1
981 3364 1089 3412 Vossius
1101 3364 1134 3411 ad
1145 3362 1277 3412 Catullum

163 3447 189 3496 p.
202 3438 243 3481 32.
261 3431 413 3481 Facetirsimi
428 3431 625 3480 lucubrationum:
640 3441 695 3494 puto
713 3432 770 3494 quia
787 3431 920 3482 Bibaculus
937 3440 990 3481 erut
1006 3439 1029 3480 et
1039 3432 1180 3479 uocabatur.
1197 3429 1278 3479 Paulo

164 3499 233 3549 nimis
244 3498 336 3547 adserit
352 3496 433 3547 Varro
445 3498 469 3547 in
480 3498 569 3562 satyris
580 3497 629 3546 suis
638 3497 794 3562 sesquiulpsse
808 3509 830 3548 et
846 3494 934 3554 πλὰέ
946 3497 1039 3549 tabulis.
1056 3497 1183 3547 Harduini
1192 3511 1277 3546 emen·

165 3566 308 3616 dationibus
325 3579 400 3627 supra
414 3564 524 3613 laudatis
539 3565 626 3613 locum
637 3573 754 3614 sanatum
765 3581 819 3615 esse
836 3567 962 3616 iudicabat
973 3567 1040 3616 Frid.
1053 3565 1236 3614 Lachmannus
1247 3565 1279 3612 da

164 3634 278 3684 fontibus
289 3633 355 3683 Livii
363 3634 384 3682 Ι.
395 3635 444 3692 37,
457 3633 498 3680 cui
509 3637 608 3681 tantum
617 3634 687 3680 abest
698 3641 727 3681 ut
739 3647 786 3695 ego
799 3635 928 3694 assentiar,
940 3643 969 3682 21
979 3649 1033 3682 rom
1044 3633 1171 3693 integram
1182 3645 1196 3679 e
1208 3631 1278 3690 codi-

166 3703 236 3751 cibus
252 3702 387 3764 petendam
404 3713 458 3747 esse
476 3699 564 3760 quovis
581 3700 687 3762 pignore
705 3703 864 3750 contendam.
888 3703 930 3750 Ex
950 3701 1043 3749 horum
1060 3699 1142 3761 igitur,
1154 3700 1279 3762 scripture

166 3769 351 3817 accuratissime
364 3773 461 3815 servata
472 3767 570 3815 Plinius
583 3767 642 3817 dicit
654 3769 785 3817 Romanos
806 3769 939 3817 crassiores
949 3769 965 3816 i.
976 3783 997 3816 e.
1008 3767 1183 3829 simpliciores,
1194 3767 1280 3816 minus

167 3844 254 3885 tenues
267 3835 293 3881 in
304 3834 508 3896 inscriptionibus
520 3834 643 3884 librorum
654 3850 757 3884 suorum
767 3836 888 3896 eligendis
900 3835 990 3895 fuisse3
1004 3849 1092 3883 eorum
1103 3833 1280 3893 facetissimus,

168 3903 211 3965 qui
223 3902 300 3964 igitur
313 3901 398 3962 aliqua
411 3915 443 3949 ex
454 3902 552 3951 ratione
564 3918 622 3951 cum
635 3903 738 3952 Graecis
750 3904 890 3964 comparari
902 3910 1014 3966 possent,
1027 3903 1107 3951 libros
1120 3915 1181 3951 suos
1192 3901 1280 3951 inscri-

168 3970 247 4032 psisse
258 3970 337 4018 libros
349 3969 535 4030 antiquitatum,
549 3971 724 4032 exemplorum
737 3970 886 4033 artiumque.
904 3970 948 4018 Ab
960 3971 1000 4018 his
1012 3969 1102 4018 transit
1113 3970 1165 4018 iam
1182 3968 1281 4019 Plinius

168 4039 201 4086 ad
212 4038 276 4085 duos
293 4036 427 4098 scriptores
447 4037 598 4087 nominatim
614 4038 740 4096 laudatos,
757 4038 910 4087 Bibaculum
927 4045 952 4086 21
968 4037 1120 4097 Varronem,
1138 4037 1182 4098 qui
1199 4038 1226 4086 iu
1243 4037 1281 4085 in-

168 4104 346 4165 scriptionibus
358 4104 479 4166 eligendis
491 4105 647 4167 ingeniosius
658 4105 770 4165 luserint,
789 4106 917 4154 ethorum
931 4105 1033 4167 quidem
1050 4105 1203 4154 Bibaculum
1221 4118 1280 4167 ope·

169 4186 225 4221 rum
242 4185 346 4220 suorum
364 4187 442 4220 unum
460 4173 614 4235 inscripsisse
630 4173 845 4232 lucubrationem,
858 4173 1023 4236 probabiliter
1035 4172 1095 4234 quia
1106 4173 1245 4222 Bibaculus
1258 4179 1283 4220 21

110 4265 112 4268 -
170 4238 245 4288 irretit
257 4246 282 4287 ct
293 4247 397 4287 vocatus
410 4241 449 4290 sit.
468 4239 565 4299 Quodsi
577 4240 675 4290 Plinius
688 4240 808 4289 hocloco
821 4241 904 4289 minus
917 4241 1059 4290 duriuscule
1072 4237 1141 4302 (vide
1150 4241 1229 4290 vitam
1239 4254 1282 4288 an·
