2714 4710
292 273 363 320 nra.
380 273 417 320 11.
446 273 524 321 aar.
540 273 730 322 xor-xcv.
762 276 859 324 sacr.
875 279 966 325 aaa
1122 263 1183 329 187

67 424 258 502 excludens,
285 423 516 490 medicatorum
537 424 674 490 fontium
695 427 759 505 vis,
787 426 911 515 ignium
938 436 986 491 tot
1005 426 1081 495 locis
1103 430 1183 495 emi·

67 524 209 590 cantium
222 535 380 611 perpetua
399 536 446 591 tot
466 527 601 592 saeculis
621 526 778 605 incendia,
802 528 933 613 spiritus
954 529 1064 595 letales
1086 530 1184 595 aliubi

66 635 124 691 aut
145 625 317 692 scrobibus
340 626 448 693 emissi
469 636 526 692 aut
550 627 620 713 ipso
640 627 702 694 loci
724 627 788 692 situ
808 629 979 707 mortiferi,
1008 629 1106 695 aliubi
1128 653 1184 696 vo-

65 727 209 792 lucribus
232 737 356 792 tantum
377 738 414 791 ut
434 725 565 792 Soracte
586 727 690 793 vicino
711 727 784 793 urbi
807 737 921 808 tractu,
944 729 1041 794 aliubi
1055 741 1184 816 praeter

65 825 228 894 hominem
250 827 364 893 ceteris
386 828 614 906 animantibus,
636 849 874 911 nonnumquam
896 839 929 893 et
949 830 1069 894 homini
1090 831 1183 895 utin

67 925 263 994 Sinuessano
284 950 362 1016 agro
384 940 417 994 et
436 927 630 1007 Puteolan03
658 929 815 1015 spiracula
835 940 962 1008 vocant,
985 930 1037 995 alii
1061 927 1183 995 Charo-
1198 953 1247 998 sos

66 1050 129 1093 nea
150 1029 270 1094 scrobis
291 1029 492 1093 mortiferum
513 1030 661 1114 spiritum
682 1029 869 1107 exhalantis,
891 1031 969 1096 item
990 1030 1024 1094 in
1036 1029 1184 1116 Hirpinis

66 1128 258 1213 Ampsancti
284 1130 326 1195 ad
352 1130 508 1217 Mephitis
536 1132 648 1197 aedem
673 1133 795 1209 locum,
823 1153 919 1215 quem
946 1132 1000 1215 qui
1025 1132 1184 1198 intravere

65 1230 260 1310 moriuntur,
293 1232 388 1298 simili
415 1233 512 1298 modo
538 1232 706 1319 Hierapoli
731 1233 765 1296 in
790 1233 887 1311 Asia,
915 1230 1031 1297 Matris
1059 1243 1184 1298 tantum

65 1327 208 1417 Magnae
230 1332 384 1399 sacerdoti
405 1332 578 1398 innoxium.
611 1333 724 1398 Aliubi
745 1333 869 1398 fatidici
891 1355 1024 1418 specus,
1048 1354 1183 1416 quorum

66 1431 265 1498 exhalatione
287 1434 453 1499 temulenti
478 1421 588 1499 futura
608 1433 809 1519 praecinant,
835 1444 873 1499 ut
892 1433 1031 1520 Delphis
1051 1434 1182 1502 nobilis·

66 1531 148 1596 simo
169 1534 307 1598 oraculo.
336 1533 463 1614 Quibus
483 1535 518 1599 in
538 1532 635 1600 rebus
656 1534 734 1617 quid
754 1535 858 1619 possit
878 1534 965 1601 aliud
987 1558 1102 1600 causae
1124 1536 1182 1599 ad-

65 1630 151 1696 ferre
178 1633 359 1699 mortalium
385 1634 543 1720 quispiam
569 1655 667 1718 quam
693 1633 829 1700 diffusae
855 1646 922 1720 per'
938 1657 1031 1700 omne
1051 1646 1182 1701 naturae

67 1731 204 1797 subinde
226 1734 318 1800 aliter
338 1744 434 1818 atque
456 1735 548 1801 aliter
568 1756 686 1800 numen
709 1736 899 1821 erumpens?

106 1830 235 1900 XCIV.
273 1834 324 1898 96.
353 1833 522 1916 Quaedam
549 1857 626 1901 vero
654 1845 757 1901 terrae
783 1836 826 1900 ad
847 1837 1010 1924 ingressus
1031 1843 1181 1914 tremunt,

65 1934 151 1998 sicut
169 1934 205 1998 in
227 1933 383 2001 Gabiensi
410 1959 488 2023 agro
509 1959 574 2001 non
593 1936 706 2022 procul
725 1937 806 2002 urbe
826 1935 929 2002 Roma
949 1935 1060 2023 iugera
1080 1935 1181 2002 ferme

67 2033 208 2099 ducenta
229 2035 440 2118 equitantium
462 2059 569 2115 cursu,
592 2036 735 2102 similiter
754 2038 789 2102 in
809 2036 954 2103 Reatino.

106 2131 218 2200 XCV.
253 2133 423 2216 Quaedam
442 2138 563 2204 insulae
585 2159 711 2222 semper
730 2137 904 2217 fluctuant,
936 2136 1019 2202 sieut
1043 2138 1078 2202 in
1104 2159 1181 2224 agro
1194 2155 1244 2200 soe

67 2230 219 2301 Caecubo
242 2247 275 2300 et
296 2238 409 2303 eodem
428 2237 579 2316 Reatino,
603 2236 791 2316 Mutinensi,
815 2236 1020 2303 Statoniensi.
1052 2237 1092 2301 In
1111 2237 1180 2303 Va-

65 2335 201 2401 dimonis
227 2337 301 2402 laeu
326 2348 359 2402 et
385 2339 428 2403 ad
455 2336 591 2404 Cutilias
617 2359 717 2421 aquas
743 2360 844 2424 opaca
871 2338 951 2402 silva
977 2358 1060 2419 quae
1086 2359 1180 2401 num-

63 2535 229 2585 minima„
254 2531 404 2596 Characeni,
415 2529 558 2599 R²adssin
579 2535 624 2585 Uti
642 2535 793 2586 casaubono
810 2533 934 2584 assentior
953 2530 1094 2584 Charoness
1112 2551 1179 2587 rere.

64 2602 105 2650 bes
115 2602 188 2663 iungi
198 2617 251 2651 non
262 2616 344 2665 posse,
362 2604 406 2652 sed
420 2604 517 2651 scrobes
532 2601 691 2652 referendum
703 2617 758 2652 esse
769 2604 801 2652 ad
813 2601 950 2665 sequentis,
963 2602 1001 2652 ita
1016 2601 1102 2652 locum
1113 2618 1179 2652 non-

64 2671 125 2717 dum
140 2677 302 2731 persanatum
316 2669 443 2720 existimo.
466 2671 533 2719 Tam
551 2671 612 2719 dure
627 2671 695 2719 enim
710 2671 786 2720 verba
801 2671 898 2719 scrobes
912 2709 944 2718 ..
958 2667 1102 2720 exhalantes
1120 2679 1179 2721 sunt

64 2736 139 2796 dicta,
151 2743 205 2786 tam
215 2737 335 2799 languide
346 2737 439 2799 addita,
449 2743 480 2786 ut
490 2737 552 2786 talia
567 2737 681 2786 Plinium
692 2737 821 2800 scripsisse
831 2751 971 2800 numquam
981 2738 1046 2787 mihi
1063 2738 1111 2787 sim
1121 2753 1178 2801 per·

63 2817 190 2852 suasurus.
202 2803 260 2853 Huc
272 2804 376 2865 accedit,
389 2805 458 2867 quod
469 2818 572 2866 prorsus
584 2807 672 2854 eadem
683 2805 760 2867 paulo
772 2819 848 2867 supra
858 2805 990 2866 legrmtur:
1003 2803 1106 2867 spiritus
1118 2803 1178 2854 taa-

64 2866 100 2917 les
111 2869 236 2920 scrobibus
248 2869 337 2931 anisa,
349 2885 413 2932 qnae
422 2872 551 2933 repetendi
560 2871 645 2920 Plinio
657 2872 777 2921 hocloco
789 2869 903 2920 nonfuit
915 2885 997 2919 causa
1020 2871 1088 2919 Hinc
1098 2873 1176 2920 verba

63 2937 198 2998 dequibus
214 2938 299 3000 agitur
314 2952 368 2987 non
385 2938 496 2988 aPlinio
511 2938 634 3001 profecta,
651 2940 696 2988 sed
713 2954 729 2988 a
744 2937 846 2987 librario
859 2936 946 2999 aliquo
958 2937 1085 2985 lemmatis
1101 2937 1181 2986 instar

62 3003 171 3065 margini
187 3006 312 3068 adscripta
327 3019 426 3064 censeo,
441 3008 509 3055 unde
523 3013 614 3069 postea
628 3006 656 3053 in
671 3006 782 3054 mediam
793 3003 934 3078 orationem
946 3009 1005 3050 sunt
1020 3010 1128 3063 recepta.
1146 3043 1178 3081 -.

62 3071 406 3202 territuriis
415 3073 515 3203 tna
527 3136 909 3200 aa
918 3062 1177 3199 sititensi

63 3201 173 3266 Mesatis,
184 3206 219 3255 Α.
237 3203 362 3270 Meplitiis,
375 3221 398 3254 σ.
417 3245 449 3254 -
469 3221 544 3268 qnem,
556 3206 630 3254 Aad.
650 3221 685 3267 q;,
697 3206 729 3255 Β.
748 3243 780 3252 ..
797 3200 932 3267 Hierapoli
943 3202 977 3265 in,
988 3204 1065 3253 And.
1083 3201 1179 3254 Hiera-

57 3269 135 3333 polin,
146 3273 172 3320 Β
183 3268 230 3332 (tin
241 3287 275 3322 ex
286 3270 364 3334 corr.)
376 3312 409 3322 ..
420 3269 515 3333 Alinbi,
531 3266 590 3322 Βθ.
607 3269 685 3332 Alibi,
697 3266 820 3335 Aadssy.
834 3311 866 3318 -
876 3271 1031 3333 praecinant,
1043 3272 1178 3322 RATad.

57 3339 211 3400 praecinunt,
227 3335 278 3404 βγ.
297 3381 328 3389 -
346 3348 382 3400 at,
400 3355 451 3388 om.
467 3341 516 3389 R¹.
535 3379 567 3388 ..
585 3338 656 3399 aliut,
672 3339 706 3390 A.
729 3379 761 3388 ..
784 3340 884 3404 afferre,
901 3338 1051 3389 RATadr.
1080 3343 1178 3405 efferre,

60 3399 90 3464 β.
108 3445 140 3454 -
156 3422 202 3470 per
217 3422 289 3468 omne,
299 3408 353 3458 Aa.
376 3422 460 3467 omnes,
471 3409 524 3458 Rd.
543 3447 575 3456 ..
589 3405 700 3471 perinde,
717 3409 768 3458 Ra.
787 3446 819 3456 -
837 3421 923 3465 nomm,
940 3407 990 3456 aa
1013 3408 1085 3456 idem
1100 3407 1178 3457 inisse

59 3472 160 3522 videtur
174 3473 201 3522 in
221 3474 301 3523 A...
313 3483 388 3533 utero,
410 3476 440 3524 Β.
454 3514 486 3522 ..
498 3482 606 3536 tremunt,
618 3476 689 3526 Aah
736 3483 818 3534 emunt,
830 3475 861 3524 Β.
871 3482 1020 3538 premuntur,
1033 3475 1085 3523 Td.
1100 3490 1177 3537 pree-

60 3547 167 3600 mittitur,
183 3542 223 3590 a¹.
241 3581 275 3591 ...
296 3538 422 3601 Gabiensi,
434 3557 456 3590 n.
483 3537 611 3603 Gabiensi,
622 3544 656 3594 A.
683 3492 821 3603 bibitam,
837 3542 861 3591 Β
873 3538 900 3603 (v
916 3556 949 3590 ex
967 3538 1043 3602 corr.)
1061 3542 1084 3589 d.
1106 3537 1177 3590 Gali-

61 3605 137 3666 nenei',
152 3609 226 3657 codd.
241 3610 317 3659 Rezn.
336 3649 368 3658 ..
386 3608 453 3670 urbi,
464 3609 498 3660 A.
517 3649 549 3658 ...
566 3607 653 3675 iaqico,
664 3611 713 3661 R¹.
732 3649 764 3660 ...
787 3609 881 3660 ducenti
895 3607 1078 3670 nequitiarium,
1094 3609 1125 3658 Β.
1144 3646 1176 3655 .-

60 3688 158 3734 cursus,
170 3674 202 3724 R.
222 3714 254 3724 .-
272 3684 295 3723 et
307 3675 339 3735 in,
351 3677 376 3724 Β
384 3678 402 3725 ².

94 3737 110 3799 ἓ
123 3745 181 3790 209.
190 3740 322 3804 fluctuent,
334 3742 395 3792 ΒΑ.
405 3742 572 3805 fluctuantur,
584 3744 627 3794 ad.
638 3743 753 3806 fluitent,
765 3744 833 3793 Pint.
846 3743 879 3793 Κ.
892 3781 924 3791 ..
943 3735 1069 3799 Ganaba,
1081 3741 1130 3791 13².
1144 3780 1175 3790 ..

60 3814 83 3856 et
92 3805 187 3867 eodem
198 3809 263 3858 haec
274 3817 333 3860 sunt
344 3818 469 3872 corrupta,
485 3825 544 3860 cnm
555 3809 636 3860 eodem
646 3826 729 3874 neque
741 3813 774 3860 nd
785 3826 846 3874 apro
857 3822 940 3871 neque
951 3809 984 3856 ad
997 3803 1107 3857 Caecubo
1117 3823 1176 3872 pos·

59 3874 93 3923 sit
103 3873 198 3925 referri.
216 3875 355 3941 scripserat
365 3877 465 3926 Plinius
481 3891 574 3927 nomen
586 3879 669 3942 quinti
680 3878 787 3928 alicuius
799 3877 853 3938 agri
869 3875 960 3934 Italici,
977 3874 1004 3924 in
1016 3889 1066 3938 quo
1078 3876 1177 3925 insulae

59 3941 224 3992 fluctuabant.
242 3944 267 3993 R
278 3945 371 3993 habere
382 3944 480 3993 videtur
492 3941 587 3993 andem
598 3957 702 3994 amaru
714 3944 832 3994 secunda.
842 3981 874 3990 ..
893 3938 1036 4003 Mutinensi,
1048 3944 1094 3992 ad.
1113 3939 1172 3992 Mn-

59 4007 141 4069 tiensi,
152 4004 210 4071 Ββ.
233 4007 388 4071 Mutinensis,
399 4011 433 4061 A.
457 4007 607 4071 Muttinem,
619 4011 650 4060 T.
669 4049 701 4059 ..
719 4008 872 4071 Statoniensi,
883 4009 934 4059 ΒΖ.
957 4008 1114 4071 Stationense,
1126 4011 1174 4061 Βῑ.

59 4071 215 4138 Statonensi,
231 4077 286 4144 ᾼΤ
296 4071 362 4127 Ode
378 4073 463 4139 (codd.
480 4075 605 4138 Reziom)
635 4073 800 4136 Stadionensi,
816 4092 840 4126 a·
868 4073 1020 4140 Statiniensr',
1036 4077 1124 4129 Dalee.
1142 4118 1175 4128 .-

65 4141 216 4206 Vedimonis,
228 4146 303 4194 Aad.
328 4143 486 4205 Vadimoniis,
498 4145 523 4195 Β
533 4140 580 4204 (iis
592 4157 625 4194 ex
637 4142 715 4207 corr.)
727 4145 757 4194 T.
782 4141 941 4206 Vedimcntis,
953 4136 982 4194 θ.
996 4184 1027 4195 ..
1039 4153 1068 4210 et,
1080 4160 1130 4197 cm.
1142 4147 1174 4196 Β.

60 4249 92 4260 -
112 4206 237 4273 cutilias,
253 4213 278 4263 Β
288 4207 437 4274 (secundum
451 4212 505 4263 lex
516 4209 591 4272 corr.)
