2714 4710
167 274 229 337 230
516 292 717 339 parnasum
741 293 934 341 msroarsu

137 430 143 437 ’
166 463 224 526 per
245 453 376 505 centum
397 441 630 527 quinquaginta
651 441 739 507 milia
759 460 914 528 passuum
933 462 999 505 non
1018 443 1132 526 procul
1148 441 1280 508 Tiferno

166 540 365 626 Perusiaqus
380 551 413 606 et
428 538 579 606 Ocriculo
593 541 757 606 Etruriam
777 542 819 608 ab
833 541 966 609 Umbris
987 563 1027 607 ac
1041 538 1187 620 Sabinis,
1207 564 1281 607 mox

168 641 249 707 citra
273 661 339 709 xw
359 641 447 706 milia
474 665 627 727 passuum
652 645 742 709 urbis
763 643 933 710 Veientem
958 656 1073 730 agrum
1099 666 1120 707 a
1143 642 1282 711 Crustu·

167 743 265 822 mino,
288 743 364 808 dein
377 742 569 808 Fidenatem
583 743 803 829 Latinumque
823 767 844 808 a
856 743 1015 810 Vaticano
1029 743 1195 810 dirimens.
1218 741 1284 810 Sed
1297 765 1324 809 54

167 844 253 909 infra
273 842 464 908 Arretinum
486 841 617 909 Glanim
645 845 771 911 duobus
799 857 832 911 et
858 845 1072 932 quadraginta
1096 844 1206 911 fluviis
1226 867 1283 910 au·

168 955 250 1021 ctus,
273 942 457 1029 praecipuis
479 956 589 1010 autem
608 944 696 1010 Nare
719 958 752 1010 et
772 945 901 1011 Aniene
923 944 979 1028 qui
1001 955 1034 1009 et
1053 945 1128 1030 ipse
1149 945 1284 1034 naviga-

167 1043 242 1110 bilis
263 1042 396 1108 Latium
424 1043 560 1110 includit
587 1068 607 1109 a
635 1057 738 1133 tergo,
767 1068 827 1110 nec
852 1045 959 1110 minus
984 1055 1103 1124 tamen,
1132 1046 1227 1129 aquis
1247 1066 1285 1112 ac

169 1155 219 1211 tot
239 1143 382 1210 fontibus
404 1144 439 1208 in
460 1145 574 1210 urbem
599 1146 764 1232 perductis
791 1156 825 1212 st
848 1146 923 1211 ideo
950 1145 1138 1230 quamlibet*
1152 1164 1285 1234 magna·

169 1267 242 1309 rum
261 1245 393 1310 navium
421 1268 462 1311 ex
482 1246 565 1312 Italo
592 1246 672 1311 mari
698 1269 813 1332 capax,
839 1268 948 1312 rerum
971 1246 1006 1310 in
1029 1256 1101 1312 totu
1125 1245 1203 1311 orbe
1226 1262 1285 1311 na·

171 1344 329 1411 suentium
350 1357 508 1412 mercator
529 1346 775 1432 placidissimus,
797 1348 944 1434 pluribus
965 1364 1068 1433 prope
1090 1347 1177 1413 solus
1192 1360 1287 1428 quam

171 1447 271 1512 ceteri
292 1447 327 1511 in
348 1446 496 1512 omnibus
518 1448 612 1512 terris
633 1471 743 1514 amnes
765 1449 923 1514 adcolitur
937 1446 1181 1533 adspiciturque
1194 1445 1286 1512 villis.

170 1545 323 1631 Nulliquc
343 1546 514 1613 fluviorum
534 1548 641 1613 minus
661 1549 747 1628 licet,
775 1549 907 1614 inclusis
927 1548 1091 1632 utrimque
1116 1545 1271 1614 lateribus
1277 1569 1286 1624 3
1301 1568 1328 1612 es

172 1671 232 1714 nec
254 1658 363 1714 tamen
383 1648 454 1734 ipse
476 1648 651 1736 depugnat,
679 1672 873 1734 quamquam
894 1650 1007 1715 creber
1027 1670 1066 1714 ac
1088 1647 1215 1713 subitus
1234 1646 1287 1711 in·

174 1750 344 1816 crementis
366 1761 399 1815 et
419 1772 578 1834 nusquam
597 1750 701 1838 magis
722 1750 815 1833 aquis
841 1770 938 1834 quam
964 1749 1000 1813 in
1026 1748 1100 1834 ipsa
1118 1746 1200 1813 urbe
1222 1756 1287 1811 eta·

173 1851 357 1937 guantibus.
395 1849 483 1930 Quin
504 1851 601 1916 immo
622 1861 713 1916 vates
733 1850 931 1938 intellegitur
951 1849 1060 1936 potius
1082 1870 1122 1913 ao
1140 1845 1288 1940 monitor,

173 1959 271 2013 auctu
292 1972 420 2034 semper
440 1950 611 2038 religiosus
632 1953 739 2018 verius
760 1974 857 2036 quam
885 1973 1010 2016 saevos.
1045 1949 1180 2015 Latium
1207 1947 1289 2012 ariti-
1303 1969 1329 2014 so

172 2070 270 2132 quom
297 2072 317 2113 a
344 2050 455 2116 Tiberi
485 2049 628 2117 Circeios
657 2064 818 2118 servatum
846 2062 897 2117 est
917 2068 940 2114 L
954 2069 983 2114 rr
1003 2068 1159 2136 passuum
1185 2047 1289 2136 longi·

173 2149 300 2226 tudine3
324 2161 391 2214 tam
413 2161 527 2216 tenues
548 2152 725 2237 primordio
746 2152 851 2238 inperi
873 2151 964 2216 fuere
984 2149 1123 2216 radices.
1161 2146 1290 2215 Gelonis

174 2272 271 2336 saepe
292 2251 424 2316 mutatis
446 2262 578 2317 tenuere
600 2252 656 2317 alii
677 2252 749 2317 aliia
764 2252 973 2338 temporibus,
995 2249 1206 2338 Aborigines,
1226 2247 1289 2314 Pe·

172 2352 274 2440 lasgi,
304 2353 465 2431 Arcades,
495 2350 614 2432 Siculi,
642 2353 805 2431 Aurunci,
834 2353 947 2419 Rutuli
974 2363 1008 2418 et
1031 2353 1117 2417 ultra
1148 2348 1290 2417 Circeios

173 2453 294 2530 Volsci,
318 2453 408 2533 Osci,
432 2455 595 2534 Ausones,
618 2456 703 2520 unde
724 2477 839 2519 nomeu
853 2453 929 2518 Lati
950 2453 1112 2540 processit
1132 2454 1177 2518 ad
1189 2452 1290 2518 Lirim

174 2572 309 2617 amnem.
331 2552 372 2616 In
392 2553 552 2638 principio
575 2564 625 2619 est
639 2552 744 2633 Ostia,
768 2553 892 2620 colonia
913 2553 953 2618 ab
967 2552 1112 2654 Romatio
1132 2574 1213 2642 rege
1234 2552 1290 2617 de·

213 2752 324 2815 Tiberuo,
336 2755 370 2804 A.
390 2795 421 2802 -
436 2770 560 2817 passuum
571 2754 606 2818 D,
618 2771 642 2806 a.
656 2796 688 2806 -
702 2755 799 2820 procul,
811 2757 874 2808 ΒΑ.
891 2757 991 2807 Rasura
1001 2757 1029 2806 in
1040 2757 1064 2806 d.
1079 2796 1111 2806 -
1126 2755 1291 2821 Perua'aqoe,

103 2872 105 2883 ,
173 2821 236 2873 BA.
257 2820 379 2882 Perusia,
396 2823 427 2871 T.
449 2819 584 2884 Perusiae,
600 2825 624 2871 d.
647 2863 678 2871 -
701 2831 734 2884 et,
752 2824 843 2873 RAT.
866 2824 965 2873 Rasum
980 2823 1008 2872 in
1023 2825 1047 2872 d.
1071 2862 1103 2872 ..
1123 2821 1242 2884 Oencab,
1257 2825 1292 2874 A.

176 2888 296 2949 Ocricoio,
309 2890 361 2939 Td.
384 2886 522 2950 Hocricolo,
535 2890 569 2940 A.
594 2888 716 2950 Otricuio,
733 2883 790 2940 θΚ.
810 2931 841 2938 -
858 2888 941 2951 XVI,
953 2891 984 2939 R.
1008 2889 1126 2952 tredecim,
1142 2890 1191 2940 Ad
1206 2887 1291 2951 (codd.

173 2953 262 3018 Roas.)
274 2953 325 3020 βγ.
344 2996 376 3004 ..
394 2957 528 3017 venientem,
540 2971 563 3005 σ.
579 2996 610 3004 ..
628 2954 751 3017 Fidenate,
763 2959 795 3006 R.
807 2997 837 3006 -
854 2957 1013 3016 Latinam.
1032 2996 1064 3004 -
1082 2955 1291 3018 LabicanaPint.

208 3024 275 3084 §54
295 3024 439 3088 infra,Ad.
457 3022 635 3083 ineram.
659 3024 834 3085 ultra,Dalec.
852 3063 885 3072 ..
902 3020 1053 3081 Arretinum,
1064 3023 1192 3073 HardA.
1214 3021 1291 3074 Areti-

175 3108 236 3153 nam,
248 3088 305 3152 Rss.
326 3090 476 3150 Arentinum,
494 3090 547 3140 Td.
571 3131 602 3138 -
628 3090 725 3141 Turiam
741 3099 768 3152 ct,
785 3092 819 3140 K.
842 3087 1123 3150 Rhammanitae.
1142 3130 1175 3138 -
1193 3086 1292 3151 Glanim,

173 3159 207 3209 A.
231 3198 262 3205 ..
286 3165 381 3217 auctas,
397 3158 431 3206 A.
458 3158 624 3219 actus‚-R²d.
652 3159 723 3220 actis,
740 3159 790 3208 R¹.
809 3198 840 3205 -
860 3154 1013 3222 praecipuis,
1029 3157 1108 3206 R2A.
1132 3157 1313 3221 praecipuus,'

174 3224 270 3274 Tau.
290 3262 321 3269 -
339 3220 430 3283 Narie,
440 3225 466 3272 A
476 3226 492 3272 ¹.
511 3264 542 3272 ..
560 3226 712 3289 saepitorqae
722 3225 764 3273 vel
775 3225 974 3287 adsaepiturqae,
986 3223 1074 3272 Heius.
1087 3225 1185 3273 advers
1196 3238 1221 3288 p.
1236 3229 1292 3274 128.

208 3291 275 3351 §55.
294 3285 420 3352 Nulliquc,
436 3291 470 3339 A.
498 3287 640 3352 Nullisque,
657 3292 756 3340 Rle.
783 3289 984 3354 Nullusque,d².
1003 3329 1035 3338 ..
1056 3288 1233 3353 atrimqan.
1261 3303 1292 3339 .;

174 3363 263 3416 tamen,
279 3355 382 3404 R2Ad.
402 3355 448 3415 tric,
465 3358 514 3406 R'.
534 3397 566 3404 -
585 3355 714 3422 depopoat,
730 3359 811 3407 RTd.
826 3366 929 3421 pupnat,
946 3351 1029 3420 Αβγ.
1048 3397 1080 3404 -
1098 3356 1203 3419 subdus,
1214 3357 1292 3408 RAlr

174 3419 268 3483 (codex
279 3423 467 3473 Lindenbrnch.
480 3439 520 3486 ap.
534 3424 604 3472 Cort.
617 3427 650 3473 ad
660 3427 756 3474 Lucan.
770 3431 794 3486 4,
809 3423 878 3486 141.)
895 3423 989 3484 subitis,
1000 3418 1051 3484 ᾱβ.
1064 3463 1096 3472 -
1109 3433 1188 3486 nates,
1199 3425 1224 3474 R
1233 3426 1250 3473 ¹.
1262 3464 1292 3473 -

155 3489 285 3549 ‘minutos
297 3491 320 3538 d.
340 3530 372 3538 -
390 3500 493 3550 auctum,
505 3491 537 3539 R.
1295 3485 1299 3503 ¹

208 3556 276 3617 §uo
303 3556 417 3618 Circeios,
431 3560 454 3607 d.
477 3555 592 3616 Cerceios,
607 3557 663 3607 BA
671 3549 699 3606 θ.
723 3599 755 3605 ..
776 3573 853 3620 usque
866 3559 1028 3618 obscuratam,
1044 3557 1077 3606 K.
1102 3597 1134 3606 ..
1157 3555 1190 3606 L.
1207 3555 1246 3606 M.
1260 3573 1292 3622 p.‚

174 3626 272 3674 Broter.
285 3626 316 3674 R.
336 3622 374 3672 M.
384 3642 410 3688 p.
422 3623 464 3686 L,
475 3624 532 3674 Ad.
549 3621 614 3672 mille
624 3640 742 3687 passuum
760 3624 944 3690 quiaqaaqinta,
960 3619 989 3685 β
1009 3662 1041 3672 ..
1056 3623 1199 3687 primordii,
1210 3626 1248 3675 R:
1262 3665 1292 3674 .-

173 3691 292 3752 Aurunci,
304 3692 350 3741 Rd
366 3688 452 3752 (codd.
469 3687 586 3751 Barbar.)
608 3689 713 3752 Arucci,
725 3693 759 3742 A.
779 3733 810 3740 -
837 3689 952 3752 Circeios,
970 3693 993 3740 d.
1019 3686 1136 3751 Cerceios,
1149 3684 1243 3742 ΒΑΘ.
1262 3731 1291 3740 ..

173 3756 294 3820 Ausones,
306 3761 358 3809 Ru.
375 3756 492 3817 Ausonis,
504 3757 537 3806 A.
555 3753 701 3818 Ausonacas,
714 3760 745 3808 T.
764 3799 795 3808 -
814 3773 906 3819 nomen,
919 3752 1010 3807 ΑθΤ.
1033 3755 1057 3818 ir,
1069 3758 1101 3807 R.
1120 3756 1293 3819 commmoda

173 3821 202 3884 β.
230 3866 261 3873 -
288 3825 330 3885 ab,
350 3826 412 3875 BA.
439 3842 463 3886 a,
485 3819 557 3886 ᾶβγ.
585 3864 616 3871 ..
647 3823 717 3873 iocus
737 3825 813 3886 Iouis,
834 3826 929 3876 Sabell.
951 3832 976 3874 et
994 3826 1098 3874 Barbar.
1130 3822 1292 3885 consolis,

174 3891 307 3941 RATda.
327 3932 359 3940 -
377 3889 513 3951 Numitt'us,
524 3890 557 3940 R.
575 3888 691 3952 similius,
704 3893 728 3940 d.
747 3933 779 3941 -
796 3893 897 3953 Darae,
909 3893 1012 3941 Barbar.
1024 3892 1109 3941 RAa.
1127 3889 1184 3952 deo,
1197 3892 1249 3942 Td.

208 3958 275 4016 557.
295 3955 380 4019 (lirici,
391 3960 424 4008 R.
446 3956 548 4018 Cerceii,
561 3959 584 4007 d.
605 3999 636 4006 -
670 3958 755 4019 uidero,
767 3960 850 4009 RAd.
869 3957 998 4022 quondam,
1010 3959 1041 4008 Τ.
1059 3998 1091 4006 ..
1109 3957 1206 4020 marici,
1217 3959 1249 4008 R.
1262 3998 1292 4009 .-

173 4021 284 4083 creditcr,
296 4024 329 4074 A.
348 4065 380 4073 ..
398 4023 512 4086 Horrrero,
529 4025 619 4088 Odyss.
663 4030 739 4086 ‚lae
759 4067 790 4075 -
814 4035 841 4086 et,
854 4026 988 4076 RATua.
1012 4033 1045 4086 at,
1061 4021 1112 4089 βγ.
1133 4064 1166 4074 ..
1181 4023 1292 4091 planitie,

173 4088 235 4137 ΒΑ.
252 4089 331 4152 piane,
350 4091 396 4141 Τά
413 4088 452 4152 (in
468 4088 567 4153 rasura)
584 4107 608 4141 a.
628 4132 659 4142 ..
682 4091 880 4156 Theophrastus,
896 4093 956 4143 hist.
973 4094 1053 4154 plant.
1067 4098 1090 4153 e,
1103 4099 1127 4143 8.
1145 4104 1171 4156 p.
1187 4098 1243 4143 194.
1261 4132 1291 4142 ..

178 4151 347 4271 Thleppompus,
360 4157 476 4219 fragmrn.
492 4166 547 4208 144.
561 4160 599 4208 cd.
612 4160 712 4210 Mullcr.
720 4200 750 4208 ..
762 4156 913 4219 Clitarchus,
926 4175 948 4208 v.
962 4159 1045 4210 Geier.
1058 4160 1153 4223 scripti.
1167 4160 1244 4211 Alex.
1256 4162 1291 4212 ld.

173 4235 197 4283 p.
261 4256 266 4269 .
