2714 4710
551 111 742 159 Pmrarro.
1122 114 1204 157 xum

76 261 175 320 titiam
188 261 294 325 ducere
307 259 393 321 libuit
413 277 473 320 non
491 263 577 336 mais,
598 264 650 323 aad
668 263 763 344 ipsius
781 262 869 324 Plinii
888 263 1083 342 integerrimis
1107 265 1206 326 verbis

76 367 241 429 conscribo.
260 414 303 428 ..
323 366 361 428 In
380 369 512 446 margine
531 377 643 444 cutem,
663 371 715 431 ubi
728 370 923 431 necessarium
936 346 1053 449 putavi,
1067 390 1158 451 supar
1169 371 1206 433 iia

75 477 217 550 maxime,
242 493 317 553 quse
341 478 469 537 obscura
492 478 542 538 vel
563 480 668 555 gravia
686 481 726 539 ad
749 479 974 556 intelligendum
992 486 1207 558 proponuntur,

75 585 218 662 ingenioli
230 585 287 645 mei
300 586 536 672 qualemcunque
550 588 740 665 capacitatem
753 588 978 661 communicavi,
989 587 1106 648 nullum
1119 605 1207 665 prae·

75 695 220 754 iudicium
233 694 414 755 doctioribus
427 691 571 756 iaciens?
592 684 709 756 Harum
730 715 802 757 varo
816 696 985 773 glossarum
997 696 1207 774 marginalium

75 803 108 862 in
134 802 235 862 codice
253 800 489 882 Guelferbytuno
509 805 625 863 nullum
651 813 697 864 est
720 804 885 881 vestigium,
910 805 954 864 uti
977 805 1010 864 iu
1034 806 1206 866 universum

76 912 227 972 Robartus
246 913 427 990 paucissima
445 914 478 972 iu
499 914 630 973 oratioue
642 913 734 973 Plinii
750 913 930 1004 immutavit,
950 914 1008 974 nisi
1029 915 1109 990 quod
1129 932 1206 974 non·

76 1019 176 1080 nullas
195 1020 398 1098 paragraphus
415 1030 469 1082 aut
488 1022 520 1080 in
538 1021 655 1081 brevius
670 1021 818 1081 contraxit
829 1029 883 1081 aut
896 1023 1077 1100 transposuit
1089 1018 1138 1105 (3,
1154 1018 1205 1086 68.

77 1123 128 1189 66.
155 1127 187 1202 7,
201 1125 255 1189 41.
268 1124 323 1189 37.
338 1107 410 1191 176.
426 1126 513 1207 174.)
534 1137 566 1189 et
584 1148 620 1189 aa
638 1131 678 1189 de
696 1147 787 1191 causa
807 1130 925 1206 ingenio
939 1149 994 1194 suo
1008 1130 1119 1206 aliquid
1132 1149 1205 1191 cun-

76 1236 210 1296 donsvit.
231 1237 335 1297 Unum
347 1238 589 1311 additamentum,
609 1239 690 1316 quod
705 1225 869 1313 e'msrgina
883 1239 915 1296 in
928 1239 996 1316 ipsa
1008 1237 1100 1299 Plinii
1113 1241 1206 1300 verba

75 1345 220 1421 migrasse
236 1344 355 1417 dixeris,
373 1345 481 1423 legitur
500 1342 632 1419 7,179.,
654 1347 708 1407 ubi
722 1346 881 1418 Robertus,
906 1347 1041 1423 plumbus
1061 1349 1205 1409 vaticiniis

75 1452 201 1512 vetustis
218 1471 237 1510 e
255 1450 355 1513 Plinio
373 1454 516 1531 repetitis,
540 1455 580 1513 ad
599 1455 839 1533 superstitionem
853 1454 1036 1514 ethnicorum
1055 1458 1204 1532 castigan-

75 1561 143 1619 dam
161 1560 260 1620 addit:
282 1559 367 1635 „Sed
385 1562 432 1621 his
451 1561 596 1622 vaticiniis
615 1580 676 1622 non
693 1539 883 1634 credendum,
905 1579 973 1620 cum
993 1561 1109 1638 saepius
1128 1562 1205 1621 falsa

76 1667 161 1728 sint!
192 1668 231 1728 In
252 1669 376 1744 integris
395 1676 500 1728 *autam
518 1668 640 1729 Robora
663 1669 818 1742 sodiubus,
843 1670 889 1729 uti
912 1687 951 1729 ex
970 1670 1033 1730 eius
1053 1671 1204 1748 prooemio

75 1784 165 1853 patet,
185 1776 276 1836 index
293 1778 385 1837 totius
399 1778 544 1855 epitomae
556 1777 694 1837 Pliniana
713 1777 815 1837 similis
829 1778 997 1838 inveniatur
1010 1797 1130 1840 necasse
1145 1787 1202 1839 cst.

76 1882 216 1945 Ceterum
233 1885 330 1945 codex
347 1904 365 1944 a
382 1903 443 1963 quo
463 1888 558 1946 bonus
578 1886 740 1953 monachus
758 1903 814 1946 sua
830 1887 967 1963 sumpsit,
989 1904 1089 1962 quam,
1110 1887 1204 1948 sicubi

74 1993 255 2053 laudandum
275 1994 420 2054 habebam
437 1995 612 2067 Robertum,
632 1995 781 2056 nominavi
799 1989 876 2076 (quo
893 1995 960 2054 loco
979 1997 1079 2057 statim
1098 1997 1128 2055 id
1146 1998 1203 2057 od·

75 2102 221 2176 dendum,
247 2120 303 2179 per
324 2121 375 2162 aas
397 2103 618 2182 paragraphos,
643 2104 695 2163 ubi
716 2109 856 2180 excerpta
875 2103 938 2163 eius
959 2105 1139 2178 afferuntur,
1160 2105 1203 2164 ibi

74 2211 161 2271 modo
179 2228 216 2270 ea
233 2210 425 2286 intelligendu
444 2230 519 2286 essa,
540 2212 590 2270 ubi
609 2211 781 2271 nominatim
803 2211 952 2282 dicuntur,
981 2219 1012 2268 et
1029 2230 1068 2270 ex
1085 2211 1201 2273 silentio

74 2320 145 2379 nihil
158 2337 226 2380 esse
241 2314 476 2402 coniiciandum),
496 2320 692 2403 nonoptimis
714 2319 833 2394 quidem
848 2311 944 2397 (quud
956 2318 1017 2378 iam
1029 2320 1106 2380 illud
1118 2320 1200 2381 Ara·

73 2429 147 2488 biam
160 2423 280 2502 2190.
293 2426 415 2506 prodit),
430 2436 464 2488 at
475 2428 642 2489 melioribus
656 2435 734 2499 certe
747 2436 793 2510 est
805 2429 1004 2493 accensendus
1017 2434 1048 2489 et
1061 2446 1200 2505 magnam

73 2536 294 2599 sinilimdinsu
308 2555 376 2598 cum
389 2537 442 2598 Kr
457 2544 488 2596 at
501 2557 570 2597 cum
583 2537 707 2596 lectione
721 2536 843 2611 vulgata
854 2514 875 2617 Ιβ
890 2556 962 2614 praa
975 2555 1009 2599 sc
1027 2516 1096 2612 fert,
1115 2539 1199 2599 cuius

71 2648 166 2707 bonas
178 2645 318 2706 lectiones
332 2647 502 2735 saepissime
515 2647 677 2707 confirmat.
698 2643 860 2704 Permultis
879 2646 954 2705 locis
968 2648 1061 2706 bonas
1078 2653 1108 2703 ct
1121 2647 1199 2706 alio·

70 2773 139 2814 rum
152 2760 185 2813 et
196 2753 315 2824 illarum
328 2754 473 2815 librorum
486 2755 625 2814 lectiones
639 2754 801 2824 confirmat,
821 2753 903 2813 solus
922 2753 1097 2837 coniecturis
1117 2754 1198 2813 viro·

70 2882 138 2925 rum
159 2864 312 2923 doctorum
331 2862 476 2922 calculum
497 2863 595 2921 adiicit
615 2856 663 2940 (2,
687 2857 738 2919 90.
762 2855 834 2918 108.
856 2851 943 2918 114:
957 2855 988 2929 6,
1011 2854 1091 2938 59),
1117 2859 1199 2919 solus

71 2972 163 3032 etiam
186 2991 225 3031 ax
248 2971 383 3030 omnibus
408 2971 486 3029 mais
505 2969 590 3029 libris
615 2986 717 3027 veram
741 2966 894 3044 lectionem
919 2964 1074 3041 aliquoties
1097 2968 1199 3045 prodit

71 3074 121 3161 (6,
136 3075 211 3141 214.
230 3074 261 3154 8,
276 3073 356 3159 36),
376 3085 411 3138 ut
427 3079 544 3154 integro
563 3077 661 3136 codice
681 3076 726 3134 uti
738 3074 823 3135 nobis
837 3091 897 3135 non
909 3074 1027 3134 licuisse
1040 3077 1081 3138 sit
1093 3076 1198 3136 dolen·

41 3208 47 3219 ·
71 3189 155 3248 dum.
184 3187 269 3248 Idem
286 3205 444 3247 varocum
457 3188 517 3246 clia
529 3187 612 3258 vitia,
632 3195 693 3245 tum
713 3160 952 3262 interpolationes
967 3185 1102 3246 omnibus
1115 3185 1196 3246 codi-

71 3297 157 3357 cibus
176 3314 347 3356 oommunos
367 3296 457 3356 habet
471 3289 518 3376 (2,
533 3288 594 3374 4.),
615 3304 645 3354 ot
663 3295 818 3371 aliquoties
837 3294 919 3354 aolus
938 3302 984 3354 ast
1003 3294 1196 3372 interpolatus

73 3400 118 3482 (6,
133 3398 193 3485 5.),
211 3406 378 3482 quostiam
396 3405 503 3464 reterri
521 3412 646 3482 possunt
663 3402 878 3482 dittographiac
898 3404 953 3464 sibi
970 3405 1133 3481 appositae,
1152 3404 1197 3462 uti

74 3509 107 3585 2,
117 3509 171 3575 89.
194 3509 226 3586 5,
237 3510 290 3575 53.

114 3622 237 3682 Ineditis
258 3623 469 3701 scriptoribus,
499 3624 575 3682 unde
600 3623 729 3698 aliquem
755 3620 883 3680 fractum
907 3621 938 3679 iu
962 3619 1195 3680 emendationem

74 3726 162 3790 Plinii
181 3732 416 3793 redundaturum
430 3732 592 3808 speram,
615 3749 681 3790 cum
694 3747 759 3789 eam
774 3746 875 3787 curam
888 3729 1089 3807 impenderim,
1108 3738 1196 3788 erunt

76 3838 124 3915 qui
143 3839 287 3901 mirentur
306 3843 448 3904 Vincenti
460 3841 669 3900 Bellouaccasis
688 3836 807 3915 specula
826 3857 845 3896 a
862 3856 910 3897 me
929 3857 987 3898 non
1007 3857 1072 3898 esse
1091 3838 1121 3897 in
1141 3857 1194 3898 au·

78 3947 177 4010 xitum
198 3960 319 4025 vocata,
345 3951 453 4028 quippe
474 3967 549 4026 quac
568 3947 658 4007 Plinii
677 3947 886 4006 emandationis
906 3948 1113 4025 gravissimum
1131 3965 1195 4008 casa
1317 3975 1323 3982 ·
