<?xml version="1.0" encoding="UTF-8"?>
<!DOCTYPE html PUBLIC "-//W3C//DTD XHTML 1.0 Transitional//EN"
    "http://www.w3.org/TR/xhtml1/DTD/xhtml1-transitional.dtd">
<html xmlns="http://www.w3.org/1999/xhtml" xml:lang="en" lang="en">
 <head>
  <title>
</title>
<meta http-equiv="Content-Type" content="text/html;charset=utf-8" />
  <meta name='ocr-system' content='tesseract 3.04.00' />
  <meta name='ocr-capabilities' content='ocr_page ocr_carea ocr_par ocr_line ocrx_word'/>
</head>
<body>
  <div class='ocr_page' id='page_1' title='image "./cplinisecundina00grongoog_0064.png"; bbox 0 0 2714 4710; ppageno 0'>
   <div class='ocr_carea' id='block_1_1' title="bbox 576 295 1238 351">
    <p class='ocr_par' dir='ltr' id='par_1_1' title="bbox 576 295 1238 351">
     <span class='ocr_line' id='line_1_1' title="bbox 576 295 1238 351; baseline -0.005 -10"><span class='ocrx_word' id='word_1_1' title='bbox 576 295 766 351; x_wconf 66' lang='lat' dir='ltr'><strong>ruossano.</strong></span> <span class='ocrx_word' id='word_1_2' title='bbox 1152 296 1238 345; x_wconf 76' lang='lat' dir='ltr'>XXXI</span> 
     </span>
    </p>
   </div>
   <div class='ocr_carea' id='block_1_2' title="bbox 110 447 1330 3691">
    <p class='ocr_par' dir='ltr' id='par_1_2' title="bbox 110 447 1330 2599">
     <span class='ocr_line' id='line_1_2' title="bbox 110 447 1239 525; baseline -0.003 -15"><span class='ocrx_word' id='word_1_3' title='bbox 110 449 182 510; x_wconf 78' lang='lat' dir='ltr'><strong>illus</strong></span> <span class='ocrx_word' id='word_1_4' title='bbox 196 449 338 508; x_wconf 87' lang='lat' dir='ltr'><strong>lectiones</strong></span> <span class='ocrx_word' id='word_1_5' title='bbox 353 467 406 525; x_wconf 90' lang='lat' dir='ltr'><strong>per</strong></span> <span class='ocrx_word' id='word_1_6' title='bbox 421 447 451 507; x_wconf 91' lang='lat' dir='ltr'>V</span> <span class='ocrx_word' id='word_1_7' title='bbox 467 454 498 505; x_wconf 91' lang='lat' dir='ltr'><strong>et</strong></span> <span class='ocrx_word' id='word_1_8' title='bbox 511 448 545 507; x_wconf 93' lang='lat' dir='ltr'>M</span> <span class='ocrx_word' id='word_1_9' title='bbox 556 457 672 508; x_wconf 86' lang='lat' dir='ltr'><strong>notatas</strong></span> <span class='ocrx_word' id='word_1_10' title='bbox 684 450 825 521; x_wconf 75' lang='lat' dir='ltr'><strong>hauserit,</strong></span> <span class='ocrx_word' id='word_1_11' title='bbox 837 449 873 506; x_wconf 89' lang='lat' dir='ltr'><strong>de</strong></span> <span class='ocrx_word' id='word_1_12' title='bbox 884 467 944 524; x_wconf 90' lang='lat' dir='ltr'><strong>qua</strong></span> <span class='ocrx_word' id='word_1_13' title='bbox 953 467 986 520; x_wconf 79' lang='lat' dir='ltr'><strong>re</strong></span> <span class='ocrx_word' id='word_1_14' title='bbox 997 449 1157 509; x_wconf 87' lang='lat' dir='ltr'><strong>certissime</strong></span> <span class='ocrx_word' id='word_1_15' title='bbox 1167 448 1239 508; x_wconf 89' lang='lat' dir='ltr'><strong>mihi</strong></span> 
     </span>
     <span class='ocr_line' id='line_1_3' title="bbox 111 557 1238 635; baseline -0.003 -17"><span class='ocrx_word' id='word_1_16' title='bbox 111 565 160 619; x_wconf 89' lang='lat' dir='ltr'><strong>est</strong></span> <span class='ocrx_word' id='word_1_17' title='bbox 173 574 350 635; x_wconf 88' lang='lat' dir='ltr'><strong>persuasum</strong></span> <span class='ocrx_word' id='word_1_18' title='bbox 363 575 432 618; x_wconf 90' lang='lat' dir='ltr'><strong>eum</strong></span> <span class='ocrx_word' id='word_1_19' title='bbox 446 557 521 617; x_wconf 88' lang='lat' dir='ltr'><strong>mori</strong></span> <span class='ocrx_word' id='word_1_20' title='bbox 533 558 647 617; x_wconf 34' lang='lat' dir='ltr'><strong>⁸saeculi</strong></span> <span class='ocrx_word' id='word_1_21' title='bbox 661 558 707 618; x_wconf 92' lang='lat' dir='ltr'><strong>sui</strong></span> <span class='ocrx_word' id='word_1_22' title='bbox 721 566 882 634; x_wconf 87' lang='lat' dir='ltr'><strong>parentem,</strong></span> <span class='ocrx_word' id='word_1_23' title='bbox 898 576 957 633; x_wconf 91' lang='lat' dir='ltr'><strong>quo</strong></span> <span class='ocrx_word' id='word_1_24' title='bbox 971 558 1145 617; x_wconf 81' lang='lat' dir='ltr'>accuratiori</span> <span class='ocrx_word' id='word_1_25' title='bbox 1157 558 1238 617; x_wconf 92' lang='lat' dir='ltr'><strong>codi-</strong></span> 
     </span>
     <span class='ocr_line' id='line_1_4' title="bbox 112 665 1240 744; baseline -0.001 -18"><span class='ocrx_word' id='word_1_26' title='bbox 112 686 181 726; x_wconf 85' lang='lat' dir='ltr'><strong>cum</strong></span> <span class='ocrx_word' id='word_1_27' title='bbox 200 667 386 726; x_wconf 86' lang='lat' dir='ltr'><strong>indicaturae</strong></span> <span class='ocrx_word' id='word_1_28' title='bbox 416 665 513 727; x_wconf 87' lang='lat' dir='ltr'><strong>minus</strong></span> <span class='ocrx_word' id='word_1_29' title='bbox 532 667 661 744; x_wconf 90' lang='lat' dir='ltr'><strong>pretium</strong></span> <span class='ocrx_word' id='word_1_30' title='bbox 685 671 882 740; x_wconf 75' lang='lat' dir='ltr'><strong>statuebatur,</strong></span> <span class='ocrx_word' id='word_1_31' title='bbox 907 667 1068 726; x_wconf 90' lang='lat' dir='ltr'><strong>dummodo</strong></span> <span class='ocrx_word' id='word_1_32' title='bbox 1095 667 1178 743; x_wconf 88' lang='lat' dir='ltr'><strong>ipsae</strong></span> <span class='ocrx_word' id='word_1_33' title='bbox 1198 668 1240 725; x_wconf 85' lang='lat' dir='ltr'><strong>le·</strong></span> 
     </span>
     <span class='ocr_line' id='line_1_5' title="bbox 113 775 1241 853; baseline 0.001 -19"><span class='ocrx_word' id='word_1_34' title='bbox 113 776 227 837; x_wconf 86' lang='lat' dir='ltr'><strong>ctiones</strong></span> <span class='ocrx_word' id='word_1_35' title='bbox 242 775 456 853; x_wconf 78' lang='lat' dir='ltr'><strong>proferrentur,</strong></span> <span class='ocrx_word' id='word_1_36' title='bbox 472 776 652 852; x_wconf 78' lang='lat' dir='ltr'><strong>exquirique</strong></span> <span class='ocrx_word' id='word_1_37' title='bbox 668 776 729 835; x_wconf 86' lang='lat' dir='ltr'><strong>suis</strong></span> <span class='ocrx_word' id='word_1_38' title='bbox 743 777 892 837; x_wconf 77' lang='lat' dir='ltr'><strong>codicibus</strong></span> <span class='ocrx_word' id='word_1_39' title='bbox 906 795 997 853; x_wconf 89' lang='lat' dir='ltr'><strong>supra</strong></span> <span class='ocrx_word' id='word_1_40' title='bbox 1014 777 1170 837; x_wconf 88' lang='lat' dir='ltr'><strong>nominatis</strong></span> <span class='ocrx_word' id='word_1_41' title='bbox 1191 794 1241 835; x_wconf 87' lang='lat' dir='ltr'><strong>eas</strong></span> 
     </span>
     <span class='ocr_line' id='line_1_6' title="bbox 112 883 1241 962; baseline -0.002 -17"><span class='ocrx_word' id='word_1_42' title='bbox 112 886 285 961; x_wconf 74' lang='lat' dir='ltr'><strong>sumpsisse,</strong></span> <span class='ocrx_word' id='word_1_43' title='bbox 295 886 358 944; x_wconf 86' lang='lat' dir='ltr'><strong>solo</strong></span> <span class='ocrx_word' id='word_1_44' title='bbox 365 883 552 943; x_wconf 82' lang='lat' dir='ltr'><strong>Chilfletiano</strong></span> <span class='ocrx_word' id='word_1_45' title='bbox 563 894 696 962; x_wconf 84' lang='lat' dir='ltr'><strong>excepto,</strong></span> <span class='ocrx_word' id='word_1_46' title='bbox 705 886 751 944; x_wconf 91' lang='lat' dir='ltr'><strong>cui</strong></span> <span class='ocrx_word' id='word_1_47' title='bbox 758 895 792 944; x_wconf 91' lang='lat' dir='ltr'><strong>ut</strong></span> <span class='ocrx_word' id='word_1_48' title='bbox 803 886 1055 962; x_wconf 82' lang='lat' dir='ltr'><strong>praestantissimo</strong></span> <span class='ocrx_word' id='word_1_49' title='bbox 1061 885 1138 945; x_wconf 93' lang='lat' dir='ltr'><strong>libro</strong></span> <span class='ocrx_word' id='word_1_50' title='bbox 1145 885 1241 962; x_wconf 92' lang='lat' dir='ltr'><strong>potio·</strong></span> 
     </span>
     <span class='ocr_line' id='line_1_7' title="bbox 111 991 1242 1071; baseline -0.001 -17"><span class='ocrx_word' id='word_1_51' title='bbox 111 1012 161 1055; x_wconf 90' lang='lat' dir='ltr'><strong>res</strong></span> <span class='ocrx_word' id='word_1_52' title='bbox 175 1003 275 1070; x_wconf 84' lang='lat' dir='ltr'><strong>portes</strong></span> <span class='ocrx_word' id='word_1_53' title='bbox 289 994 567 1053; x_wconf 81' lang='lat' dir='ltr'><strong>eranttrrbuendce.</strong></span> <span class='ocrx_word' id='word_1_54' title='bbox 591 991 678 1067; x_wconf 80' lang='lat' dir='ltr'><strong>Quod</strong></span> <span class='ocrx_word' id='word_1_55' title='bbox 691 1013 762 1054; x_wconf 85' lang='lat' dir='ltr'><strong>vero</strong></span> <span class='ocrx_word' id='word_1_56' title='bbox 776 996 877 1071; x_wconf 83' lang='lat' dir='ltr'><strong>paucis</strong></span> <span class='ocrx_word' id='word_1_57' title='bbox 892 995 967 1055; x_wconf 88' lang='lat' dir='ltr'><strong>locis</strong></span> <span class='ocrx_word' id='word_1_58' title='bbox 983 995 1062 1071; x_wconf 87' lang='lat' dir='ltr'><strong>ipsos</strong></span> <span class='ocrx_word' id='word_1_59' title='bbox 1075 994 1143 1055; x_wconf 86' lang='lat' dir='ltr'><strong>illos</strong></span> <span class='ocrx_word' id='word_1_60' title='bbox 1157 994 1242 1070; x_wconf 90' lang='lat' dir='ltr'><strong>quin·</strong></span> 
     </span>
     <span class='ocr_line' id='line_1_8' title="bbox 112 1094 1241 1179; baseline 0.002 -18"><span class='ocrx_word' id='word_1_61' title='bbox 112 1094 173 1179; x_wconf 84' lang='lat' dir='ltr'><strong>que</strong></span> <span class='ocrx_word' id='word_1_62' title='bbox 194 1103 308 1163; x_wconf 87' lang='lat' dir='ltr'><strong>codices</strong></span> <span class='ocrx_word' id='word_1_63' title='bbox 328 1103 501 1162; x_wconf 83' lang='lat' dir='ltr'><strong>nominatim</strong></span> <span class='ocrx_word' id='word_1_64' title='bbox 520 1103 636 1176; x_wconf 88' lang='lat' dir='ltr'><strong>attulit,</strong></span> <span class='ocrx_word' id='word_1_65' title='bbox 657 1103 785 1163; x_wconf 87' lang='lat' dir='ltr'><strong>iortesse</strong></span> <span class='ocrx_word' id='word_1_66' title='bbox 804 1111 858 1163; x_wconf 89' lang='lat' dir='ltr'><strong>aut</strong></span> <span class='ocrx_word' id='word_1_67' title='bbox 877 1111 984 1162; x_wconf 89' lang='lat' dir='ltr'><strong>natura</strong></span> <span class='ocrx_word' id='word_1_68' title='bbox 997 1105 1097 1163; x_wconf 73' lang='lat' dir='ltr'><strong>vanae</strong></span> <span class='ocrx_word' id='word_1_69' title='bbox 1110 1103 1241 1163; x_wconf 86' lang='lat' dir='ltr'><strong>lectionis</strong></span> 
     </span>
     <span class='ocr_line' id='line_1_9' title="bbox 113 1211 1243 1289; baseline 0 -18"><span class='ocrx_word' id='word_1_70' title='bbox 113 1211 212 1271; x_wconf 87' lang='lat' dir='ltr'><strong>maius</strong></span> <span class='ocrx_word' id='word_1_71' title='bbox 225 1212 340 1286; x_wconf 87' lang='lat' dir='ltr'><strong>aliquid</strong></span> <span class='ocrx_word' id='word_1_72' title='bbox 355 1229 445 1286; x_wconf 90' lang='lat' dir='ltr'><strong>quarn</strong></span> <span class='ocrx_word' id='word_1_73' title='bbox 460 1212 652 1288; x_wconf 85' lang='lat' dir='ltr'><strong>simpliciores</strong></span> <span class='ocrx_word' id='word_1_74' title='bbox 666 1211 733 1272; x_wconf 89' lang='lat' dir='ltr'><strong>illas</strong></span> <span class='ocrx_word' id='word_1_75' title='bbox 747 1213 838 1289; x_wconf 83' lang='lat' dir='ltr'><strong>siglas</strong></span> <span class='ocrx_word' id='word_1_76' title='bbox 853 1213 985 1289; x_wconf 80' lang='lat' dir='ltr'><strong>flagitare</strong></span> <span class='ocrx_word' id='word_1_77' title='bbox 999 1213 1167 1286; x_wconf 81' lang='lat' dir='ltr'><strong>videbatur,</strong></span> <span class='ocrx_word' id='word_1_78' title='bbox 1189 1220 1243 1272; x_wconf 86' lang='lat' dir='ltr'><strong>eut</strong></span> 
     </span>
     <span class='ocr_line' id='line_1_10' title="bbox 113 1299 1243 1397; baseline 0 -16"><span class='ocrx_word' id='word_1_79' title='bbox 113 1321 272 1396; x_wconf 80' lang='lat' dir='ltr'><strong>aliquoties</strong></span> <span class='ocrx_word' id='word_1_80' title='bbox 293 1328 372 1381; x_wconf 90' lang='lat' dir='ltr'><strong>certe</strong></span> <span class='ocrx_word' id='word_1_81' title='bbox 390 1299 518 1381; x_wconf 85' lang='lat' dir='ltr'><strong>indicare</strong></span> <span class='ocrx_word' id='word_1_82' title='bbox 540 1322 644 1394; x_wconf 86' lang='lat' dir='ltr'><strong>voluit,</strong></span> <span class='ocrx_word' id='word_1_83' title='bbox 665 1322 716 1380; x_wconf 90' lang='lat' dir='ltr'><strong>ubi</strong></span> <span class='ocrx_word' id='word_1_84' title='bbox 731 1323 853 1394; x_wconf 89' lang='lat' dir='ltr'><strong>codices,</strong></span> <span class='ocrx_word' id='word_1_85' title='bbox 868 1322 976 1397; x_wconf 88' lang='lat' dir='ltr'><strong>quibus</strong></span> <span class='ocrx_word' id='word_1_86' title='bbox 996 1329 1111 1382; x_wconf 85' lang='lat' dir='ltr'><strong>tentum</strong></span> <span class='ocrx_word' id='word_1_87' title='bbox 1130 1324 1243 1395; x_wconf 84' lang='lat' dir='ltr'><strong>debuit,</strong></span> 
     </span>
     <span class='ocr_line' id='line_1_11' title="bbox 115 1429 1242 1508; baseline 0.003 -19"><span class='ocrx_word' id='word_1_88' title='bbox 115 1439 275 1490; x_wconf 83' lang='lat' dir='ltr'><strong>exstarent.</strong></span> <span class='ocrx_word' id='word_1_89' title='bbox 296 1429 344 1489; x_wconf 87' lang='lat' dir='ltr'><strong>Ita</strong></span> <span class='ocrx_word' id='word_1_90' title='bbox 357 1429 549 1508; x_wconf 88' lang='lat' dir='ltr'><strong>Daleeampio</strong></span> <span class='ocrx_word' id='word_1_91' title='bbox 563 1431 674 1497; x_wconf 84' lang='lat' dir='ltr'><strong>laboris</strong></span> <span class='ocrx_word' id='word_1_92' title='bbox 688 1431 901 1504; x_wconf 84' lang='lat' dir='ltr'><strong>taediosissimi,</strong></span> <span class='ocrx_word' id='word_1_93' title='bbox 917 1450 976 1506; x_wconf 91' lang='lat' dir='ltr'><strong>quo</strong></span> <span class='ocrx_word' id='word_1_94' title='bbox 990 1439 1034 1492; x_wconf 89' lang='lat' dir='ltr'><strong>tot</strong></span> <span class='ocrx_word' id='word_1_95' title='bbox 1047 1432 1142 1490; x_wconf 83' lang='lat' dir='ltr'><strong>millia</strong></span> <span class='ocrx_word' id='word_1_96' title='bbox 1160 1432 1242 1492; x_wconf 86' lang='lat' dir='ltr'><strong>vari-</strong></span> 
     </span>
     <span class='ocr_line' id='line_1_12' title="bbox 116 1539 1243 1618; baseline 0 -18"><span class='ocrx_word' id='word_1_97' title='bbox 116 1557 204 1600; x_wconf 85' lang='lat' dir='ltr'><strong>arum</strong></span> <span class='ocrx_word' id='word_1_98' title='bbox 216 1539 377 1602; x_wconf 84' lang='lat' dir='ltr'><strong>lectionum</strong></span> <span class='ocrx_word' id='word_1_99' title='bbox 391 1559 407 1598; x_wconf 89' lang='lat' dir='ltr'><strong>e</strong></span> <span class='ocrx_word' id='word_1_100' title='bbox 423 1559 478 1599; x_wconf 82' lang='lat' dir='ltr'><strong>sex</strong></span> <span class='ocrx_word' id='word_1_101' title='bbox 492 1541 556 1604; x_wconf 88' lang='lat' dir='ltr'><strong>suis</strong></span> <span class='ocrx_word' id='word_1_102' title='bbox 571 1541 719 1600; x_wconf 85' lang='lat' dir='ltr'><strong>codicibus</strong></span> <span class='ocrx_word' id='word_1_103' title='bbox 733 1542 888 1616; x_wconf 77' lang='lat' dir='ltr'><strong>excerpsit,</strong></span> <span class='ocrx_word' id='word_1_104' title='bbox 903 1542 1015 1618; x_wconf 78' lang='lat' dir='ltr'><strong>gratiae</strong></span> <span class='ocrx_word' id='word_1_105' title='bbox 1037 1561 1123 1616; x_wconf 87' lang='lat' dir='ltr'><strong>quern</strong></span> <span class='ocrx_word' id='word_1_106' title='bbox 1145 1542 1243 1601; x_wconf 86' lang='lat' dir='ltr'><strong>maxi-</strong></span> 
     </span>
     <span class='ocr_line' id='line_1_13' title="bbox 117 1649 1245 1724; baseline -0.001 -15"><span class='ocrx_word' id='word_1_107' title='bbox 117 1668 184 1709; x_wconf 86' lang='lat' dir='ltr'><strong>mae</strong></span> <span class='ocrx_word' id='word_1_108' title='bbox 205 1658 275 1708; x_wconf 90' lang='lat' dir='ltr'><strong>sunt</strong></span> <span class='ocrx_word' id='word_1_109' title='bbox 292 1649 460 1719; x_wconf 57' lang='lat' dir='ltr'><strong>habendam</strong></span> <span class='ocrx_word' id='word_1_110' title='bbox 482 1656 512 1706; x_wconf 88' lang='lat' dir='ltr'><strong>et</strong></span> <span class='ocrx_word' id='word_1_111' title='bbox 531 1650 557 1709; x_wconf 91' lang='lat' dir='ltr'><strong>si</strong></span> <span class='ocrx_word' id='word_1_112' title='bbox 574 1650 634 1708; x_wconf 90' lang='lat' dir='ltr'><strong>illis</strong></span> <span class='ocrx_word' id='word_1_113' title='bbox 654 1669 714 1707; x_wconf 93' lang='lat' dir='ltr'><strong>non</strong></span> <span class='ocrx_word' id='word_1_114' title='bbox 732 1669 768 1708; x_wconf 86' lang='lat' dir='ltr'><strong>ea</strong></span> <span class='ocrx_word' id='word_1_115' title='bbox 788 1669 857 1709; x_wconf 91' lang='lat' dir='ltr'><strong>cum</strong></span> <span class='ocrx_word' id='word_1_116' title='bbox 881 1667 953 1707; x_wconf 89' lang='lat' dir='ltr'><strong>cura</strong></span> <span class='ocrx_word' id='word_1_117' title='bbox 970 1651 1015 1707; x_wconf 80' lang='lat' dir='ltr'><strong>uti</strong></span> <span class='ocrx_word' id='word_1_118' title='bbox 1036 1649 1159 1722; x_wconf 75' lang='lat' dir='ltr'><strong>sciebat,</strong></span> <span class='ocrx_word' id='word_1_119' title='bbox 1186 1668 1245 1724; x_wconf 89' lang='lat' dir='ltr'><strong>qua</strong></span> 
     </span>
     <span class='ocr_line' id='line_1_14' title="bbox 117 1756 1245 1837; baseline -0.003 -19"><span class='ocrx_word' id='word_1_120' title='bbox 117 1761 223 1837; x_wconf 83' lang='lat' dir='ltr'><strong>dignae</strong></span> <span class='ocrx_word' id='word_1_121' title='bbox 237 1758 367 1830; x_wconf 82' lang='lat' dir='ltr'><strong>fuerunt,</strong></span> <span class='ocrx_word' id='word_1_122' title='bbox 383 1758 571 1823; x_wconf 86' lang='lat' dir='ltr'><strong>tribuendum</strong></span> <span class='ocrx_word' id='word_1_123' title='bbox 585 1758 698 1832; x_wconf 83' lang='lat' dir='ltr'><strong>aliquid</strong></span> <span class='ocrx_word' id='word_1_124' title='bbox 712 1766 758 1816; x_wconf 91' lang='lat' dir='ltr'><strong>est</strong></span> <span class='ocrx_word' id='word_1_125' title='bbox 776 1765 830 1816; x_wconf 87' lang='lat' dir='ltr'><strong>aut</strong></span> <span class='ocrx_word' id='word_1_126' title='bbox 851 1757 999 1816; x_wconf 90' lang='lat' dir='ltr'><strong>communi</strong></span> <span class='ocrx_word' id='word_1_127' title='bbox 1019 1756 1170 1815; x_wconf 87' lang='lat' dir='ltr'><strong>hominum</strong></span> <span class='ocrx_word' id='word_1_128' title='bbox 1187 1758 1245 1826; x_wconf 84' lang='lat' dir='ltr'><strong>irn-</strong></span> 
     </span>
     <span class='ocr_line' id='line_1_15' title="bbox 118 1866 1244 1942; baseline -0.004 -14"><span class='ocrx_word' id='word_1_129' title='bbox 118 1869 280 1940; x_wconf 88' lang='lat' dir='ltr'><strong>beeillitati‚</strong></span> <span class='ocrx_word' id='word_1_130' title='bbox 302 1886 362 1942; x_wconf 91' lang='lat' dir='ltr'><strong>qua</strong></span> <span class='ocrx_word' id='word_1_131' title='bbox 380 1884 435 1924; x_wconf 90' lang='lat' dir='ltr'><strong>nos</strong></span> <span class='ocrx_word' id='word_1_132' title='bbox 455 1885 558 1924; x_wconf 89' lang='lat' dir='ltr'><strong>omnes</strong></span> <span class='ocrx_word' id='word_1_133' title='bbox 578 1866 759 1939; x_wconf 85' lang='lat' dir='ltr'><strong>laboramus,</strong></span> <span class='ocrx_word' id='word_1_134' title='bbox 781 1874 834 1926; x_wconf 90' lang='lat' dir='ltr'><strong>aut</strong></span> <span class='ocrx_word' id='word_1_135' title='bbox 853 1868 959 1926; x_wconf 83' lang='lat' dir='ltr'><strong>nimiae</strong></span> <span class='ocrx_word' id='word_1_136' title='bbox 973 1867 1062 1927; x_wconf 85' lang='lat' dir='ltr'><strong>alicui</strong></span> <span class='ocrx_word' id='word_1_137' title='bbox 1074 1867 1244 1939; x_wconf 84' lang='lat' dir='ltr'><strong>modestiae,</strong></span> 
     </span>
     <span class='ocr_line' id='line_1_16' title="bbox 117 1976 1330 2054; baseline -0.003 -17"><span class='ocrx_word' id='word_1_138' title='bbox 117 1996 179 2054; x_wconf 84' lang='lat' dir='ltr'><strong>qua</strong></span> <span class='ocrx_word' id='word_1_139' title='bbox 199 1979 288 2036; x_wconf 90' lang='lat' dir='ltr'><strong>homo</strong></span> <span class='ocrx_word' id='word_1_140' title='bbox 308 1977 436 2053; x_wconf 85' lang='lat' dir='ltr'><strong>optimus</strong></span> <span class='ocrx_word' id='word_1_141' title='bbox 454 1995 474 2034; x_wconf 87' lang='lat' dir='ltr'><strong>a</strong></span> <span class='ocrx_word' id='word_1_142' title='bbox 491 1976 638 2051; x_wconf 85' lang='lat' dir='ltr'><strong>scripture</strong></span> <span class='ocrx_word' id='word_1_143' title='bbox 663 1976 787 2050; x_wconf 86' lang='lat' dir='ltr'><strong>vulgata</strong></span> <span class='ocrx_word' id='word_1_144' title='bbox 812 1977 899 2035; x_wconf 83' lang='lat' dir='ltr'><strong>toties</strong></span> <span class='ocrx_word' id='word_1_145' title='bbox 919 1977 1057 2036; x_wconf 79' lang='lat' dir='ltr'><strong>recedere</strong></span> <span class='ocrx_word' id='word_1_146' title='bbox 1076 1977 1244 2049; x_wconf 81' lang='lat' dir='ltr'><strong>verebatur,</strong></span> <span class='ocrx_word' id='word_1_147' title='bbox 1328 2014 1330 2019; x_wconf 28' lang='grc' dir='ltr'>ι</span> 
     </span>
     <span class='ocr_line' id='line_1_17' title="bbox 119 2083 1245 2170; baseline 0.001 -26"><span class='ocrx_word' id='word_1_148' title='bbox 119 2086 234 2162; x_wconf 87' lang='lat' dir='ltr'><strong>quoties</strong></span> <span class='ocrx_word' id='word_1_149' title='bbox 248 2085 316 2143; x_wconf 90' lang='lat' dir='ltr'><strong>illae</strong></span> <span class='ocrx_word' id='word_1_150' title='bbox 329 2085 467 2144; x_wconf 90' lang='lat' dir='ltr'><strong>lectiones</strong></span> <span class='ocrx_word' id='word_1_151' title='bbox 481 2085 674 2170; x_wconf 83' lang='lat' dir='ltr'><strong>imperabant.</strong></span> <span class='ocrx_word' id='word_1_152' title='bbox 696 2083 836 2145; x_wconf 83' lang='lat' dir='ltr'><strong>Ceterum</strong></span> <span class='ocrx_word' id='word_1_153' title='bbox 849 2087 881 2145; x_wconf 93' lang='lat' dir='ltr'><strong>in</strong></span> <span class='ocrx_word' id='word_1_154' title='bbox 894 2086 1018 2145; x_wconf 84' lang='lat' dir='ltr'><strong>historie</strong></span> <span class='ocrx_word' id='word_1_155' title='bbox 1030 2103 1148 2161; x_wconf 88' lang='lat' dir='ltr'><strong>quoque</strong></span> <span class='ocrx_word' id='word_1_156' title='bbox 1157 2085 1245 2163; x_wconf 53' lang='lat' dir='ltr'><strong>plan,-</strong></span> 
     </span>
     <span class='ocr_line' id='line_1_18' title="bbox 120 2189 1245 2270; baseline 0 -15"><span class='ocrx_word' id='word_1_157' title='bbox 120 2204 218 2255; x_wconf 81' lang='lat' dir='ltr'><strong>tarum</strong></span> <span class='ocrx_word' id='word_1_158' title='bbox 233 2193 375 2270; x_wconf 84' lang='lat' dir='ltr'><strong>Lugduni</strong></span> <span class='ocrx_word' id='word_1_159' title='bbox 388 2212 466 2252; x_wconf 86' lang='lat' dir='ltr'><strong>anno</strong></span> <span class='ocrx_word' id='word_1_160' title='bbox 481 2189 575 2254; x_wconf 82' lang='grc'><strong>1587.</strong></span> <span class='ocrx_word' id='word_1_161' title='bbox 591 2194 706 2254; x_wconf 90' lang='lat' dir='ltr'><strong>duobus</strong></span> <span class='ocrx_word' id='word_1_162' title='bbox 721 2194 919 2254; x_wconf 86' lang='lat' dir='ltr'><strong>voluminibus</strong></span> <span class='ocrx_word' id='word_1_163' title='bbox 935 2195 1028 2266; x_wconf 85' lang='lat' dir='ltr'><strong>edita,</strong></span> <span class='ocrx_word' id='word_1_164' title='bbox 1047 2214 1122 2270; x_wconf 90' lang='lat' dir='ltr'><strong>quae</strong></span> <span class='ocrx_word' id='word_1_165' title='bbox 1136 2214 1245 2255; x_wconf 84' lang='lat' dir='ltr'><strong>anon·</strong></span> 
     </span>
     <span class='ocr_line' id='line_1_19' title="bbox 119 2301 1245 2376; baseline -0.001 -13"><span class='ocrx_word' id='word_1_166' title='bbox 119 2305 209 2363; x_wconf 86' lang='lat' dir='ltr'><strong>nullis</strong></span> <span class='ocrx_word' id='word_1_167' title='bbox 223 2301 494 2363; x_wconf 87' lang='lat' dir='ltr'><strong>IoanniMolinaeo</strong></span> <span class='ocrx_word' id='word_1_168' title='bbox 507 2303 657 2374; x_wconf 90' lang='lat' dir='ltr'><strong>tribuitur,</strong></span> <span class='ocrx_word' id='word_1_169' title='bbox 673 2323 711 2362; x_wconf 87' lang='lat' dir='ltr'><strong>ex</strong></span> <span class='ocrx_word' id='word_1_170' title='bbox 723 2305 837 2376; x_wconf 90' lang='lat' dir='ltr'><strong>iisdem,</strong></span> <span class='ocrx_word' id='word_1_171' title='bbox 851 2312 886 2363; x_wconf 91' lang='lat' dir='ltr'><strong>ut</strong></span> <span class='ocrx_word' id='word_1_172' title='bbox 896 2303 1022 2375; x_wconf 80' lang='lat' dir='ltr'><strong>ridetur,</strong></span> <span class='ocrx_word' id='word_1_173' title='bbox 1030 2305 1178 2362; x_wconf 87' lang='lat' dir='ltr'><strong>codicibus</strong></span> <span class='ocrx_word' id='word_1_174' title='bbox 1188 2303 1245 2363; x_wconf 87' lang='lat' dir='ltr'><strong>ali-</strong></span> 
     </span>
     <span class='ocr_line' id='line_1_20' title="bbox 120 2411 1244 2490; baseline -0.003 -17"><span class='ocrx_word' id='word_1_175' title='bbox 120 2415 241 2489; x_wconf 89' lang='lat' dir='ltr'><strong>quoties·</strong></span> <span class='ocrx_word' id='word_1_176' title='bbox 257 2414 397 2479; x_wconf 82' lang='lat' dir='ltr'><strong>lectiones</strong></span> <span class='ocrx_word' id='word_1_177' title='bbox 421 2414 539 2485; x_wconf 88' lang='lat' dir='ltr'><strong>attulit,</strong></span> <span class='ocrx_word' id='word_1_178' title='bbox 565 2431 642 2487; x_wconf 89' lang='lat' dir='ltr'><strong>quae</strong></span> <span class='ocrx_word' id='word_1_179' title='bbox 667 2413 705 2470; x_wconf 84' lang='lat' dir='ltr'><strong>ad</strong></span> <span class='ocrx_word' id='word_1_180' title='bbox 730 2413 877 2490; x_wconf 79' lang='lat' dir='ltr'><strong>margines</strong></span> <span class='ocrx_word' id='word_1_181' title='bbox 902 2414 1038 2471; x_wconf 90' lang='lat' dir='ltr'><strong>editionis</strong></span> <span class='ocrx_word' id='word_1_182' title='bbox 1062 2411 1153 2471; x_wconf 87' lang='lat' dir='ltr'><strong>Plinii</strong></span> <span class='ocrx_word' id='word_1_183' title='bbox 1184 2430 1244 2473; x_wconf 91' lang='lat' dir='ltr'><strong>non</strong></span> 
     </span>
     <span class='ocr_line' id='line_1_21' title="bbox 119 2524 272 2599; baseline 0.007 -18"><span class='ocrx_word' id='word_1_184' title='bbox 119 2524 272 2599; x_wconf 80' lang='lat' dir='ltr'><strong>leguntur.</strong></span> 
     </span>
    </p>

    <p class='ocr_par' dir='ltr' id='par_1_3' title="bbox 121 2629 1246 3691">
     <span class='ocr_line' id='line_1_22' title="bbox 163 2629 1245 2709; baseline 0.001 -18"><span class='ocrx_word' id='word_1_185' title='bbox 163 2630 225 2705; x_wconf 83' lang='lat' dir='ltr'><strong>Qui</strong></span> <span class='ocrx_word' id='word_1_186' title='bbox 237 2632 371 2709; x_wconf 87' lang='lat' dir='ltr'><strong>proxime</strong></span> <span class='ocrx_word' id='word_1_187' title='bbox 384 2651 403 2689; x_wconf 90' lang='lat' dir='ltr'><strong>a</strong></span> <span class='ocrx_word' id='word_1_188' title='bbox 416 2633 608 2709; x_wconf 86' lang='lat' dir='ltr'><strong>Delecampio</strong></span> <span class='ocrx_word' id='word_1_189' title='bbox 623 2633 661 2691; x_wconf 87' lang='lat' dir='ltr'><strong>ed</strong></span> <span class='ocrx_word' id='word_1_190' title='bbox 675 2629 764 2690; x_wconf 90' lang='lat' dir='ltr'><strong>Plinii</strong></span> <span class='ocrx_word' id='word_1_191' title='bbox 778 2632 940 2706; x_wconf 83' lang='lat' dir='ltr'><strong>permultos</strong></span> <span class='ocrx_word' id='word_1_192' title='bbox 954 2632 1036 2692; x_wconf 88' lang='lat' dir='ltr'><strong>locos</strong></span> <span class='ocrx_word' id='word_1_193' title='bbox 1050 2631 1245 2692; x_wconf 76' lang='lat' dir='ltr'><strong>emendandos</strong></span> 
     </span>
     <span class='ocr_line' id='line_1_23' title="bbox 121 2741 1244 2816; baseline -0.001 -15"><span class='ocrx_word' id='word_1_194' title='bbox 121 2741 270 2801; x_wconf 89' lang='lat' dir='ltr'><strong>codicibus</strong></span> <span class='ocrx_word' id='word_1_195' title='bbox 295 2759 366 2800; x_wconf 91' lang='lat' dir='ltr'><strong>usus</strong></span> <span class='ocrx_word' id='word_1_196' title='bbox 382 2748 428 2799; x_wconf 83' lang='lat' dir='ltr'><strong>est</strong></span> <span class='ocrx_word' id='word_1_197' title='bbox 445 2743 584 2802; x_wconf 77' lang='lat' dir='ltr'><strong>Claudius</strong></span> <span class='ocrx_word' id='word_1_198' title='bbox 610 2742 788 2814; x_wconf 75' lang='lat' dir='ltr'><strong>Salmasius,</strong></span> <span class='ocrx_word' id='word_1_199' title='bbox 819 2742 933 2816; x_wconf 82' lang='lat' dir='ltr'><strong>mugnis</strong></span> <span class='ocrx_word' id='word_1_200' title='bbox 957 2742 1094 2801; x_wconf 86' lang='lat' dir='ltr'><strong>leudibus</strong></span> <span class='ocrx_word' id='word_1_201' title='bbox 1119 2752 1244 2803; x_wconf 85' lang='lat' dir='ltr'><strong>exornat</strong></span> 
     </span>
     <span class='ocr_line' id='line_1_24' title="bbox 127 2844 1245 2929; baseline -0.003 -19"><span class='ocrx_word' id='word_1_202' title='bbox 127 2852 302 2924; x_wconf 67' lang='lat' dir='ltr'><strong>ibororum,</strong></span> <span class='ocrx_word' id='word_1_203' title='bbox 318 2869 407 2926; x_wconf 89' lang='lat' dir='ltr'><strong>quem</strong></span> <span class='ocrx_word' id='word_1_204' title='bbox 422 2852 553 2909; x_wconf 90' lang='lat' dir='ltr'><strong>omnium</strong></span> <span class='ocrx_word' id='word_1_205' title='bbox 568 2851 781 2910; x_wconf 85' lang='lat' dir='ltr'><strong>vetustisimum</strong></span> <span class='ocrx_word' id='word_1_206' title='bbox 793 2844 845 2929; x_wconf 89' lang='lat' dir='ltr'><strong>(de</strong></span> <span class='ocrx_word' id='word_1_207' title='bbox 859 2850 927 2927; x_wconf 86' lang='lat' dir='ltr'><strong>hyle</strong></span> <span class='ocrx_word' id='word_1_208' title='bbox 942 2870 973 2926; x_wconf 89' lang='lat' dir='ltr'><strong>p.</strong></span> <span class='ocrx_word' id='word_1_209' title='bbox 990 2847 1062 2910; x_wconf 83' lang='lat'><strong>168.</strong></span> <span class='ocrx_word' id='word_1_210' title='bbox 1082 2868 1110 2907; x_wconf 86' lang='lat' dir='ltr'><strong>a.</strong></span> <span class='ocrx_word' id='word_1_211' title='bbox 1126 2848 1161 2909; x_wconf 88' lang='lat' dir='ltr'><strong>C.</strong></span> <span class='ocrx_word' id='word_1_212' title='bbox 1175 2850 1245 2919; x_wconf 83' lang='lat' dir='ltr'><strong>coll.</strong></span> 
     </span>
     <span class='ocr_line' id='line_1_25' title="bbox 124 2955 1245 3038; baseline -0.003 -20"><span class='ocrx_word' id='word_1_213' title='bbox 124 2961 252 3020; x_wconf 86' lang='lat' dir='ltr'><strong>exercitt.</strong></span> <span class='ocrx_word' id='word_1_214' title='bbox 272 2980 303 3038; x_wconf 90' lang='lat' dir='ltr'><strong>p.</strong></span> <span class='ocrx_word' id='word_1_215' title='bbox 326 2956 378 3019; x_wconf 88' lang='lat'><strong>81.</strong></span> <span class='ocrx_word' id='word_1_216' title='bbox 400 2979 429 3018; x_wconf 89' lang='lat' dir='ltr'><strong>a.</strong></span> <span class='ocrx_word' id='word_1_217' title='bbox 448 2959 485 3018; x_wconf 98' lang='grc' dir='ltr'><strong>Β.</strong></span> <span class='ocrx_word' id='word_1_218' title='bbox 506 2955 559 3019; x_wconf 91' lang='grc'><strong>86.</strong></span> <span class='ocrx_word' id='word_1_219' title='bbox 577 2979 605 3018; x_wconf 88' lang='lat' dir='ltr'><strong>a.</strong></span> <span class='ocrx_word' id='word_1_220' title='bbox 620 2960 656 3018; x_wconf 93' lang='lat' dir='ltr'><strong>B.</strong></span> <span class='ocrx_word' id='word_1_221' title='bbox 672 2960 740 3018; x_wconf 84' lang='lat' dir='ltr'><strong>edit.</strong></span> <span class='ocrx_word' id='word_1_222' title='bbox 762 2960 917 3020; x_wconf 85' lang='lat' dir='ltr'><strong>Ultraiect.</strong></span> <span class='ocrx_word' id='word_1_223' title='bbox 934 2956 1041 3032; x_wconf 88' lang='grc'>1689.)</span> <span class='ocrx_word' id='word_1_224' title='bbox 1057 2959 1245 3033; x_wconf 86' lang='lat' dir='ltr'><strong>omniumque</strong></span> 
     </span>
     <span class='ocr_line' id='line_1_26' title="bbox 124 3061 1243 3149; baseline 0 -22"><span class='ocrx_word' id='word_1_225' title='bbox 124 3070 265 3146; x_wconf 89' lang='lat' dir='ltr'><strong>optimum</strong></span> <span class='ocrx_word' id='word_1_226' title='bbox 283 3077 371 3128; x_wconf 88' lang='lat' dir='ltr'><strong>vocat</strong></span> <span class='ocrx_word' id='word_1_227' title='bbox 390 3062 442 3149; x_wconf 90' lang='lat' dir='ltr'><strong>(de</strong></span> <span class='ocrx_word' id='word_1_228' title='bbox 462 3069 531 3146; x_wconf 85' lang='lat' dir='ltr'><strong>hyle</strong></span> <span class='ocrx_word' id='word_1_229' title='bbox 549 3088 580 3144; x_wconf 90' lang='lat' dir='ltr'><strong>p.</strong></span> <span class='ocrx_word' id='word_1_230' title='bbox 601 3063 652 3126; x_wconf 88' lang='grc'><strong>73.</strong></span> <span class='ocrx_word' id='word_1_231' title='bbox 671 3068 701 3126; x_wconf 86' lang='grc'><strong>1).</strong></span> <span class='ocrx_word' id='word_1_232' title='bbox 716 3065 750 3124; x_wconf 83' lang='grc' dir='ltr'><strong>Ο.</strong></span> <span class='ocrx_word' id='word_1_233' title='bbox 766 3066 834 3124; x_wconf 91' lang='lat' dir='ltr'><strong>coll.</strong></span> <span class='ocrx_word' id='word_1_234' title='bbox 849 3067 980 3124; x_wconf 89' lang='lat' dir='ltr'><strong>exercitt.</strong></span> <span class='ocrx_word' id='word_1_235' title='bbox 995 3085 1025 3141; x_wconf 89' lang='lat' dir='ltr'><strong>p.</strong></span> <span class='ocrx_word' id='word_1_236' title='bbox 1042 3061 1114 3125; x_wconf 85' lang='lat'><strong>583.</strong></span> <span class='ocrx_word' id='word_1_237' title='bbox 1129 3086 1158 3126; x_wconf 87' lang='lat' dir='ltr'><strong>a.</strong></span> <span class='ocrx_word' id='word_1_238' title='bbox 1175 3062 1243 3148; x_wconf 71' lang='lat' dir='ltr'><strong>Ge).</strong></span> 
     </span>
     <span class='ocr_line' id='line_1_27' title="bbox 124 3167 1245 3254; baseline -0.002 -17"><span class='ocrx_word' id='word_1_239' title='bbox 124 3177 235 3237; x_wconf 86' lang='lat' dir='ltr'><strong>Habuit</strong></span> <span class='ocrx_word' id='word_1_240' title='bbox 248 3180 353 3254; x_wconf 62' lang='lat' dir='ltr'><strong>Regios</strong></span> <span class='ocrx_word' id='word_1_241' title='bbox 368 3195 486 3252; x_wconf 92' lang='lat' dir='ltr'><strong>quoque</strong></span> <span class='ocrx_word' id='word_1_242' title='bbox 501 3177 613 3235; x_wconf 88' lang='lat' dir='ltr'><strong>codices</strong></span> <span class='ocrx_word' id='word_1_243' title='bbox 630 3170 742 3254; x_wconf 83' lang='lat' dir='ltr'><strong>(exere.</strong></span> <span class='ocrx_word' id='word_1_244' title='bbox 758 3193 789 3250; x_wconf 94' lang='lat' dir='ltr'><strong>p.</strong></span> <span class='ocrx_word' id='word_1_245' title='bbox 805 3170 855 3232; x_wconf 87' lang='grc'><strong>19.</strong></span> <span class='ocrx_word' id='word_1_246' title='bbox 871 3191 899 3231; x_wconf 85' lang='lat' dir='ltr'><strong>a.</strong></span> <span class='ocrx_word' id='word_1_247' title='bbox 915 3167 983 3254; x_wconf 68' lang='grc'><strong>(1.),</strong></span> <span class='ocrx_word' id='word_1_248' title='bbox 1005 3194 1130 3250; x_wconf 89' lang='lat' dir='ltr'><strong>quorum</strong></span> <span class='ocrx_word' id='word_1_249' title='bbox 1150 3178 1245 3252; x_wconf 79' lang='lat' dir='ltr'><strong>nomi·</strong></span> 
     </span>
     <span class='ocr_line' id='line_1_28' title="bbox 124 3277 1245 3366; baseline -0.002 -19"><span class='ocrx_word' id='word_1_250' title='bbox 124 3288 214 3347; x_wconf 89' lang='lat' dir='ltr'><strong>natim</strong></span> <span class='ocrx_word' id='word_1_251' title='bbox 232 3291 353 3347; x_wconf 76' lang='lat' dir='ltr'><strong>ubsrum</strong></span> <span class='ocrx_word' id='word_1_252' title='bbox 371 3287 461 3359; x_wconf 38' lang='lat' dir='ltr'><strong>,effert</strong></span> <span class='ocrx_word' id='word_1_253' title='bbox 479 3279 591 3366; x_wconf 79' lang='lat' dir='ltr'><strong>(exere.</strong></span> <span class='ocrx_word' id='word_1_254' title='bbox 610 3304 641 3361; x_wconf 91' lang='lat' dir='ltr'><strong>p.</strong></span> <span class='ocrx_word' id='word_1_255' title='bbox 661 3280 734 3344; x_wconf 77' lang='lat'><strong>278.</strong></span> <span class='ocrx_word' id='word_1_256' title='bbox 751 3301 779 3341; x_wconf 85' lang='lat' dir='ltr'><strong>a.</strong></span> <span class='ocrx_word' id='word_1_257' title='bbox 796 3280 830 3342; x_wconf 83' lang='lat' dir='ltr'><strong>C.</strong></span> <span class='ocrx_word' id='word_1_258' title='bbox 847 3277 919 3342; x_wconf 90' lang='grc'><strong>583.</strong></span> <span class='ocrx_word' id='word_1_259' title='bbox 934 3302 962 3341; x_wconf 83' lang='grc' dir='ltr'><strong>ιι.</strong></span> <span class='ocrx_word' id='word_1_260' title='bbox 978 3281 1029 3356; x_wconf 72' lang='lat' dir='ltr'><strong>Ga,</strong></span> <span class='ocrx_word' id='word_1_261' title='bbox 1045 3284 1113 3363; x_wconf 89' lang='lat' dir='ltr'><strong>hyle</strong></span> <span class='ocrx_word' id='word_1_262' title='bbox 1126 3305 1156 3363; x_wconf 94' lang='lat' dir='ltr'><strong>p.</strong></span> <span class='ocrx_word' id='word_1_263' title='bbox 1172 3282 1245 3347; x_wconf 79' lang='lat'><strong>233.</strong></span> 
     </span>
     <span class='ocr_line' id='line_1_29' title="bbox 125 3388 1244 3476; baseline 0.001 -22"><span class='ocrx_word' id='word_1_264' title='bbox 125 3395 152 3455; x_wconf 89' lang='lat' dir='ltr'><strong>b.</strong></span> <span class='ocrx_word' id='word_1_265' title='bbox 166 3390 232 3476; x_wconf 89' lang='grc' dir='ltr'><strong>Β.).</strong></span> <span class='ocrx_word' id='word_1_266' title='bbox 259 3398 330 3455; x_wconf 81' lang='lat' dir='ltr'><strong>Tres</strong></span> <span class='ocrx_word' id='word_1_267' title='bbox 343 3395 435 3454; x_wconf 91' lang='lat' dir='ltr'><strong>libros</strong></span> <span class='ocrx_word' id='word_1_268' title='bbox 450 3396 552 3453; x_wconf 84' lang='lat' dir='ltr'><strong>laudat</strong></span> <span class='ocrx_word' id='word_1_269' title='bbox 570 3413 666 3452; x_wconf 87' lang='lat' dir='ltr'><strong>exerc.</strong></span> <span class='ocrx_word' id='word_1_270' title='bbox 684 3413 715 3469; x_wconf 93' lang='lat' dir='ltr'><strong>p.</strong></span> <span class='ocrx_word' id='word_1_271' title='bbox 736 3388 788 3451; x_wconf 82' lang='grc'><strong>39.</strong></span> <span class='ocrx_word' id='word_1_272' title='bbox 808 3412 836 3451; x_wconf 93' lang='lat' dir='ltr'><strong>a.</strong></span> <span class='ocrx_word' id='word_1_273' title='bbox 858 3389 905 3465; x_wconf 80' lang='grc'><strong>0.,</strong></span> <span class='ocrx_word' id='word_1_274' title='bbox 925 3393 1032 3452; x_wconf 89' lang='lat' dir='ltr'><strong>librum</strong></span> <span class='ocrx_word' id='word_1_275' title='bbox 1050 3395 1089 3454; x_wconf 89' lang='lat' dir='ltr'><strong>R.</strong></span> <span class='ocrx_word' id='word_1_276' title='bbox 1110 3395 1147 3452; x_wconf 96' lang='grc' dir='ltr'><strong>Β.</strong></span> <span class='ocrx_word' id='word_1_277' title='bbox 1163 3393 1196 3472; x_wconf 83' lang='lat' dir='ltr'><strong>(i.</strong></span> <span class='ocrx_word' id='word_1_278' title='bbox 1218 3416 1244 3455; x_wconf 88' lang='lat' dir='ltr'><strong>e.</strong></span> 
     </span>
     <span class='ocr_line' id='line_1_30' title="bbox 125 3499 1244 3585; baseline 0 -23"><span class='ocrx_word' id='word_1_279' title='bbox 125 3505 224 3580; x_wconf 84' lang='lat' dir='ltr'><strong>regiae</strong></span> <span class='ocrx_word' id='word_1_280' title='bbox 238 3502 443 3581; x_wconf 87' lang='lat' dir='ltr'><strong>bibliothecae)</strong></span> <span class='ocrx_word' id='word_1_281' title='bbox 459 3523 489 3580; x_wconf 90' lang='lat' dir='ltr'><strong>p.</strong></span> <span class='ocrx_word' id='word_1_282' title='bbox 504 3499 578 3562; x_wconf 88' lang='grc'><strong>451.</strong></span> <span class='ocrx_word' id='word_1_283' title='bbox 593 3522 620 3561; x_wconf 79' lang='grc' dir='ltr'><strong>ιι.</strong></span> <span class='ocrx_word' id='word_1_284' title='bbox 635 3503 683 3574; x_wconf 77' lang='lat' dir='ltr'><strong>R,</strong></span> <span class='ocrx_word' id='word_1_285' title='bbox 703 3513 835 3578; x_wconf 75' lang='lat' dir='ltr'><strong>eucarpio</strong></span> <span class='ocrx_word' id='word_1_286' title='bbox 849 3504 942 3561; x_wconf 81' lang='lat' dir='ltr'><strong>Plinii</strong></span> <span class='ocrx_word' id='word_1_287' title='bbox 955 3507 1146 3563; x_wconf 79' lang='lat' dir='ltr'><strong>vetustissima</strong></span> <span class='ocrx_word' id='word_1_288' title='bbox 1167 3500 1202 3585; x_wconf 94' lang='lat' dir='ltr'><strong>(i.</strong></span> <span class='ocrx_word' id='word_1_289' title='bbox 1219 3525 1244 3563; x_wconf 90' lang='lat' dir='ltr'><strong>e.</strong></span> 
     </span>
     <span class='ocr_line' id='line_1_31' title="bbox 125 3603 1246 3691; baseline 0 -19"><span class='ocrx_word' id='word_1_290' title='bbox 125 3603 457 3691; x_wconf 85' lang='lat' dir='ltr'><strong>Pseudo-Appuleium,</strong></span> <span class='ocrx_word' id='word_1_291' title='bbox 478 3614 514 3670; x_wconf 89' lang='lat' dir='ltr'><strong>de</strong></span> <span class='ocrx_word' id='word_1_292' title='bbox 533 3633 592 3689; x_wconf 93' lang='lat' dir='ltr'><strong>quo</strong></span> <span class='ocrx_word' id='word_1_293' title='bbox 613 3609 701 3688; x_wconf 84' lang='lat' dir='ltr'><strong>infra)</strong></span> <span class='ocrx_word' id='word_1_294' title='bbox 723 3632 759 3688; x_wconf 73' lang='lat' dir='ltr'><strong>p.</strong></span> <span class='ocrx_word' id='word_1_295' title='bbox 777 3607 850 3672; x_wconf 89' lang='grc'><strong>568.</strong></span> <span class='ocrx_word' id='word_1_296' title='bbox 871 3611 938 3671; x_wconf 86' lang='lat' dir='ltr'><strong>Hos</strong></span> <span class='ocrx_word' id='word_1_297' title='bbox 951 3630 1052 3671; x_wconf 87' lang='lat' dir='ltr'><strong>omnes</strong></span> <span class='ocrx_word' id='word_1_298' title='bbox 1065 3613 1141 3672; x_wconf 88' lang='lat' dir='ltr'><strong>inter</strong></span> <span class='ocrx_word' id='word_1_299' title='bbox 1154 3615 1246 3681; x_wconf 83' lang='lat' dir='ltr'><strong>libres</strong></span> 
     </span>
    </p>
   </div>
   <div class='ocr_carea' id='block_1_3' title="bbox 125 3708 1328 4240">
    <p class='ocr_par' dir='ltr' id='par_1_4' title="bbox 125 3708 1328 4127">
     <span class='ocr_line' id='line_1_32' title="bbox 125 3708 1328 3805; baseline 0.002 -25"><span class='ocrx_word' id='word_1_300' title='bbox 125 3724 296 3800; x_wconf 82' lang='lat' dir='ltr'><strong>saepissime</strong></span> <span class='ocrx_word' id='word_1_301' title='bbox 314 3725 512 3799; x_wconf 76' lang='lat' dir='ltr'><strong>Ripuiticoum</strong></span> <span class='ocrx_word' id='word_1_302' title='bbox 531 3722 647 3805; x_wconf 87' lang='lat' dir='ltr'><strong>disertis</strong></span> <span class='ocrx_word' id='word_1_303' title='bbox 667 3722 765 3780; x_wconf 87' lang='lat' dir='ltr'><strong>verbis</strong></span> <span class='ocrx_word' id='word_1_304' title='bbox 785 3721 887 3792; x_wconf 82' lang='lat' dir='ltr'><strong>effert,</strong></span> <span class='ocrx_word' id='word_1_305' title='bbox 907 3739 966 3796; x_wconf 91' lang='lat' dir='ltr'><strong>quo</strong></span> <span class='ocrx_word' id='word_1_306' title='bbox 986 3728 1085 3780; x_wconf 87' lang='lat' dir='ltr'><strong>tamen</strong></span> <span class='ocrx_word' id='word_1_307' title='bbox 1110 3723 1147 3780; x_wconf 88' lang='lat' dir='ltr'><strong>de</strong></span> <span class='ocrx_word' id='word_1_308' title='bbox 1169 3724 1246 3783; x_wconf 91' lang='lat' dir='ltr'><strong>libro</strong></span> <span class='ocrx_word' id='word_1_309' title='bbox 1327 3708 1328 3711; x_wconf 8' lang='grc' dir='ltr'><strong>Ἴ</strong></span> 
     </span>
     <span class='ocr_line' id='line_1_33' title="bbox 126 3829 1244 3910; baseline 0.005 -21"><span class='ocrx_word' id='word_1_310' title='bbox 126 3833 259 3892; x_wconf 84' lang='lat' dir='ltr'><strong>iudicans</strong></span> <span class='ocrx_word' id='word_1_311' title='bbox 281 3851 388 3910; x_wconf 78' lang='lat' dir='ltr'><strong>perum</strong></span> <span class='ocrx_word' id='word_1_312' title='bbox 414 3832 470 3890; x_wconf 91' lang='lat' dir='ltr'><strong>sibi</strong></span> <span class='ocrx_word' id='word_1_313' title='bbox 491 3838 615 3890; x_wconf 85' lang='lat' dir='ltr'><strong>constat.</strong></span> <span class='ocrx_word' id='word_1_314' title='bbox 641 3829 761 3890; x_wconf 87' lang='lat' dir='ltr'><strong>Etenim</strong></span> <span class='ocrx_word' id='word_1_315' title='bbox 786 3849 854 3888; x_wconf 90' lang='lat' dir='ltr'><strong>cum</strong></span> <span class='ocrx_word' id='word_1_316' title='bbox 879 3831 1010 3888; x_wconf 81' lang='lat' dir='ltr'><strong>exercitt.</strong></span> <span class='ocrx_word' id='word_1_317' title='bbox 1032 3851 1063 3907; x_wconf 88' lang='lat' dir='ltr'><strong>p.</strong></span> <span class='ocrx_word' id='word_1_318' title='bbox 1083 3829 1135 3892; x_wconf 91' lang='grc'><strong>81.</strong></span> <span class='ocrx_word' id='word_1_319' title='bbox 1159 3853 1188 3892; x_wconf 88' lang='lat' dir='ltr'><strong>a.</strong></span> <span class='ocrx_word' id='word_1_320' title='bbox 1207 3833 1244 3895; x_wconf 90' lang='grc' dir='ltr'><strong>Β.</strong></span> 
     </span>
     <span class='ocr_line' id='line_1_34' title="bbox 125 3934 1247 4018; baseline 0.001 -18"><span class='ocrx_word' id='word_1_321' title='bbox 125 3961 192 4003; x_wconf 87' lang='lat' dir='ltr'><strong>eum</strong></span> <span class='ocrx_word' id='word_1_322' title='bbox 206 3942 332 4002; x_wconf 85' lang='lat' dir='ltr'><strong>celebret</strong></span> <span class='ocrx_word' id='word_1_323' title='bbox 345 3951 380 4000; x_wconf 89' lang='lat' dir='ltr'><strong>ut</strong></span> <span class='ocrx_word' id='word_1_324' title='bbox 393 3942 536 4018; x_wconf 87' lang='lat' dir='ltr'><strong>optimum</strong></span> <span class='ocrx_word' id='word_1_325' title='bbox 551 3949 580 3999; x_wconf 88' lang='lat' dir='ltr'><strong>et</strong></span> <span class='ocrx_word' id='word_1_326' title='bbox 593 3940 841 4014; x_wconf 85' lang='lat' dir='ltr'><strong>antiquissimum,</strong></span> <span class='ocrx_word' id='word_1_327' title='bbox 855 3958 886 4015; x_wconf 91' lang='lat' dir='ltr'><strong>p.</strong></span> <span class='ocrx_word' id='word_1_328' title='bbox 901 3934 974 3999; x_wconf 87' lang='grc'><strong>610.</strong></span> <span class='ocrx_word' id='word_1_329' title='bbox 988 3942 1017 3999; x_wconf 92' lang='lat' dir='ltr'><strong>b.</strong></span> <span class='ocrx_word' id='word_1_330' title='bbox 1032 3941 1068 4000; x_wconf 83' lang='lat' dir='ltr'><strong>F.</strong></span> <span class='ocrx_word' id='word_1_331' title='bbox 1082 3960 1141 4001; x_wconf 91' lang='lat' dir='ltr'><strong>non</strong></span> <span class='ocrx_word' id='word_1_332' title='bbox 1152 3943 1247 4001; x_wconf 89' lang='lat' dir='ltr'><strong>multo</strong></span> 
     </span>
     <span class='ocr_line' id='line_1_35' title="bbox 127 4043 1246 4127; baseline 0.003 -18"><span class='ocrx_word' id='word_1_333' title='bbox 127 4052 278 4112; x_wconf 87' lang='lat' dir='ltr'><strong>meliorem</strong></span> <span class='ocrx_word' id='word_1_334' title='bbox 291 4051 375 4111; x_wconf 89' lang='lat' dir='ltr'><strong>editis</strong></span> <span class='ocrx_word' id='word_1_335' title='bbox 389 4060 420 4109; x_wconf 89' lang='lat' dir='ltr'><strong>et</strong></span> <span class='ocrx_word' id='word_1_336' title='bbox 432 4070 463 4127; x_wconf 91' lang='lat' dir='ltr'><strong>p.</strong></span> <span class='ocrx_word' id='word_1_337' title='bbox 479 4043 552 4110; x_wconf 82' lang='lat'><strong>705.</strong></span> <span class='ocrx_word' id='word_1_338' title='bbox 566 4049 596 4106; x_wconf 94' lang='lat' dir='ltr'><strong>b.</strong></span> <span class='ocrx_word' id='word_1_339' title='bbox 611 4049 647 4107; x_wconf 94' lang='lat' dir='ltr'><strong>B.</strong></span> <span class='ocrx_word' id='word_1_340' title='bbox 661 4057 696 4107; x_wconf 90' lang='lat' dir='ltr'><strong>nt</strong></span> <span class='ocrx_word' id='word_1_341' title='bbox 709 4047 839 4107; x_wconf 86' lang='lat' dir='ltr'><strong>bonitate</strong></span> <span class='ocrx_word' id='word_1_342' title='bbox 854 4049 897 4107; x_wconf 90' lang='lat' dir='ltr'><strong>sic</strong></span> <span class='ocrx_word' id='word_1_343' title='bbox 914 4057 945 4108; x_wconf 88' lang='lat' dir='ltr'><strong>et</strong></span> <span class='ocrx_word' id='word_1_344' title='bbox 963 4057 1108 4110; x_wconf 72' lang='lat' dir='ltr'><strong>vetustate</strong></span> <span class='ocrx_word' id='word_1_345' title='bbox 1128 4053 1246 4112; x_wconf 84' lang='lat' dir='ltr'><strong>iuferio-</strong></span> 
     </span>
    </p>

    <p class='ocr_par' dir='ltr' id='par_1_5' title="bbox 128 4154 1294 4240">
     <span class='ocr_line' id='line_1_36' title="bbox 128 4154 1294 4240; baseline 0.001 -21"><span class='ocrx_word' id='word_1_346' title='bbox 128 4180 188 4223; x_wconf 88' lang='lat' dir='ltr'><strong>rem</strong></span> <span class='ocrx_word' id='word_1_347' title='bbox 209 4163 290 4223; x_wconf 85' lang='lat' dir='ltr'><strong>dicit.</strong></span> <span class='ocrx_word' id='word_1_348' title='bbox 318 4161 453 4237; x_wconf 88' lang='lat' dir='ltr'><strong>Denique</strong></span> <span class='ocrx_word' id='word_1_349' title='bbox 473 4154 607 4221; x_wconf 67' lang='lat' dir='ltr'><strong>Publici</strong></span> <span class='ocrx_word' id='word_1_350' title='bbox 625 4157 776 4218; x_wconf 88' lang='lat' dir='ltr'><strong>cniusdam</strong></span> <span class='ocrx_word' id='word_1_351' title='bbox 794 4159 901 4218; x_wconf 88' lang='lat' dir='ltr'><strong>codicis</strong></span> <span class='ocrx_word' id='word_1_352' title='bbox 922 4159 1097 4221; x_wconf 85' lang='lat' dir='ltr'><strong>mentionem</strong></span> <span class='ocrx_word' id='word_1_353' title='bbox 1116 4161 1185 4221; x_wconf 84' lang='lat' dir='ltr'><strong>iecit</strong></span> <span class='ocrx_word' id='word_1_354' title='bbox 1198 4156 1245 4240; x_wconf 84' lang='lat' dir='ltr'><strong>(v.</strong></span> <span class='ocrx_word' id='word_1_355' title='bbox 1288 4203 1294 4206; x_wconf 90' lang='lat'><em>-</em></span> 
     </span>
    </p>
   </div>
   <div class='ocr_carea' id='block_1_4' title="bbox 0 0 1379 4710">
    <p class='ocr_par' dir='ltr' id='par_1_6' title="bbox 0 0 1379 4710">
     <span class='ocr_line' id='line_1_37' title="bbox 0 0 1379 4710; baseline 0 0"><span class='ocrx_word' id='word_1_356' title='bbox 0 0 1379 4710; x_wconf 95' lang='lat' dir='ltr'><strong> </strong></span> 
     </span>
    </p>
   </div>
  </div>
 </body>
</html>
