2714 4710
112 283 176 348 450
464 292 669 341 aurursus
692 290 887 339 ursacium

113 451 190 534 Qua
211 451 311 519 subiit
333 448 375 512 ad
396 469 468 511 eam
490 444 604 511 classis
624 443 803 510 Alexandri
824 442 992 531 Pasitigri,
1016 443 1111 509 vicus
1134 445 1177 508 ad
1196 443 1239 509 la-

112 576 187 620 cum
197 550 408 619 Chaldaicum
422 557 556 613 vocatur
565 545 663 631 Aple,
679 544 765 610 unde
777 543 864 611 Susa
876 543 1091 631 navigatione
1100 566 1239 632 axanp.

112 655 240 721 absunt.
275 649 422 718 Susianis
452 647 492 712 ab
519 647 640 712 oriente
666 645 817 732 proxumi
844 655 919 712 sunt
947 642 1118 724 Cossiaei,
1148 667 1240 731 supra

116 753 287 821 Cossiaeos
309 752 352 816 ad
374 747 624 835 septentrionem
644 745 855 812 Mesabatene
883 744 944 812 sub
969 757 1082 812 monte
1105 744 1238 813 Ceanba-

112 857 179 923 lido
199 855 257 941 qui
278 863 328 919 est
350 848 629 929 Caucasiramus,
654 846 730 913 inde
750 847 937 913 mollissimo
960 848 1104 914 nansitu
1124 848 1158 913 in
1175 847 1238 914 Ba·

115 968 210 1023 enos.
234 951 396 1018 Susianen
409 949 451 1015 ab
461 947 632 1032 Elymaide
647 947 849 1013 disterminat
862 948 965 1012 amnis
983 947 1136 1014 Eulaeus
1155 957 1239 1015 ortus
1249 963 1280 1009 la

112 1058 146 1122 in
160 1054 271 1120 Medis
285 1052 476 1133 modicoque
491 1049 596 1134 spatio
616 1048 764 1113 cuniculo
783 1049 930 1114 conditus
950 1071 991 1114 ac
1012 1071 1131 1114 nmsus
1151 1072 1238 1117 exor-

113 1167 166 1221 tus
188 1166 223 1221 et
242 1176 302 1240 per
323 1151 556 1217 Mesabatenen
576 1149 702 1234 lapsus3
725 1148 871 1214 circumit
891 1171 998 1215 arcem
1024 1147 1185 1215 Susorum
1203 1172 1239 1216 ac

112 1257 240 1322 Dianae
256 1253 411 1339 templum
425 1248 690 1337 augustissimum
706 1248 770 1314 illis
784 1250 945 1337 gentibus,
969 1259 1004 1314 et
1026 1250 1100 1336 ipse
1121 1251 1156 1315 in
1175 1273 1238 1317 ma·

115 1381 181 1447 gna
199 1354 400 1430 caerimonia,
424 1349 582 1435 siquidem
602 1371 698 1434 reges
717 1372 784 1415 non
805 1373 847 1415 ex
866 1351 927 1418 alio
949 1349 1071 1416 bibunt
1094 1362 1129 1417 et
1148 1352 1188 1417 ob
1208 1353 1239 1419 id

116 1461 150 1524 in
170 1456 347 1545 longinqua
367 1460 506 1539 portant.
534 1448 664 1535 Recipit
674 1450 786 1515 amnis
798 1450 984 1538 Hedypnon
1007 1463 1143 1538 praeter
1156 1453 1238 1538 Asy-

116 1562 185 1626 lum
209 1557 384 1623 Persarum
413 1552 609 1628 venientem,
637 1550 790 1629 Adnnam
817 1575 858 1617 ex
879 1550 1040 1619 Susianis.
1074 1553 1238 1641 Oppidum

113 1663 206 1727 iuxta
231 1682 306 1725 eum
331 1655 468 1744 Magoa,
498 1675 519 1718 a
545 1649 690 1718 Charace
715 1674 761 1717 xv
787 1653 853 1718 mil.
880 1676 932 1740 p.;
960 1654 1098 1738 quidam
1125 1657 1185 1722 hoc
1207 1656 1239 1721 in

115 1774 259 1830 extrema
281 1758 419 1826 Susiane
440 1764 564 1842 ponunt
585 1754 810 1821 solitudinibus
830 1774 1036 1842 proxumum.
1057 1756 1155 1822 Infra
1173 1756 1237 1822 Eu·
1249 1769 1282 1815 rot

112 1867 220 1931 laeum
233 1859 380 1947 Elymais
401 1869 452 1925 est
471 1858 506 1922 in
526 1879 583 1922 ora
603 1855 715 1921 iuncta
732 1855 869 1936 Persidi,
892 1881 913 1922 a
931 1857 1067 1924 flumine
1084 1857 1179 1924 Orati
1198 1858 1238 1924 ad

88 2030 94 2039 ,
118 1964 299 2032 Characem
319 1983 399 2028 coxa
412 1959 479 2024 mil.
494 1980 531 2047 p.¹
554 1954 687 2043 Oppida
708 1957 777 2022 eius
800 1955 949 2025 Seleucia
970 1970 1004 2023 et
1026 1957 1165 2026 Socrate
1184 1959 1237 2025 ad·

115 2064 221 2154 posita
233 2062 336 2127 monti
352 2059 486 2145 Casyro.
515 2054 617 2123 Oram
633 2079 716 2140 quae
730 2058 892 2144 praeiacet
911 2059 1076 2126 minorum
1098 2059 1238 2146 Syrtium

115 2166 186 2232 vice
208 2164 349 2229 diximus
369 2162 566 2226 inaccessam
587 2175 701 2235 coeno,
724 2159 908 2244 plurumum
928 2160 998 2227 limi
1022 2162 1237 2228 deferentibus

115 2266 217 2331 Brixa
243 2274 277 2331 et
303 2260 445 2329 Ortaoea
475 2258 641 2336 amnibus,
673 2258 822 2324 madente
850 2260 977 2346 etipsa
1005 2261 1179 2346 Elymaide
1206 2261 1236 2325 in

116 2378 242 2443 tantum
270 2376 307 2430 ut
331 2363 439 2429 nullus
465 2360 507 2426 sit
533 2359 596 2424 nisi
622 2358 756 2424 circuitu
782 2359 850 2424 eius
876 2361 919 2425 ad
946 2362 1089 2428 Persida
1117 2364 1234 2439 aditus3

115 2468 292 2534 infestatur
311 2475 343 2530 et
365 2460 584 2547 serpentibus,
606 2479 687 2543 quos
706 2457 839 2524 flumina
858 2459 1041 2545 deportant
1070 2462 1152 2528 Pars
1172 2463 1236 2528 eius

116 2588 266 2632 maxume
291 2564 378 2628 invia
401 2561 589 2628 Characene
616 2570 749 2624 vocatur
773 2558 816 2624 ab
842 2563 960 2647 oppido
981 2564 1129 2629 Arabiae
1154 2564 1233 2630 clau·

152 2753 246 2811 subita,
263 2754 287 2800 d.
307 2790 338 2799 -
356 2746 506 2811 Passitiyri,
523 2748 555 2795 R.
576 2785 604 2794 ..
624 2743 701 2810 Aple,
719 2745 772 2795 Rd.
789 2746 882 2811 Aplle,
894 2745 944 2812 βγ.
964 2791 995 2798 ..
1015 2753 1082 2814 LX,
1095 2757 1127 2804 R.
1144 2751 1234 2814 LXII,

118 2822 172 2873 Td.
190 2814 341 2881 LXVsflY·
368 2857 400 2869 ..
429 2813 549 2874 Cossiaei,
565 2803 593 2862 θ.
621 2809 708 2863 Coacta
720 2812 748 2874 ei,
760 2816 797 2863 (1².
826 2812 925 2864 Cossiei
935 2826 964 2877 et,
978 2820 1010 2867 T.
1031 2818 1122 2871 Cossio
1133 2831 1161 2882 et,
1174 2822 1234 2870 Rdl

122 2883 291 2951 Cocaamstr.
313 2884 363 2936 Oai
371 2885 412 2933 vel
427 2881 493 2942 Oxii,
504 2883 539 2932 K.
561 2920 593 2929 ..
618 2877 799 2942 Cossieoa,Td.
827 2881 1043 2950 CossaeoaRssy‘.
1068 2928 1101 2937 -
1125 2888 1235 2939 Mesala-

120 2968 179 3019 tene,
190 2957 269 3008 nara.
287 2950 445 3011 Maccabeos,
457 2951 540 3001 RTd.
559 2945 723 3009 Mesobatene,
733 2949 837 2999 Barbar.
849 2946 878 3011 β.

153 3023 239 3085 §lca
265 3020 396 3080 Susianen,
407 3019 472 3068 Rob.
499 3016 614 3076 Susiane,
631 3017 663 3065 R
688 3013 801 3079 Sanciae,
817 3020 841 3067 d.
869 3059 899 3067 -
925 3020 1045 3079 Eulaeus,
1062 3024 1131 3073 Rob.
1156 3020 1235 3078 Elaea.

119 3093 202 3144 RTd.
220 3088 316 3149 Ilaeus,
332 3081 360 3136 θ,
388 3127 419 3136 -
447 3083 595 3144 Meditata.
614 3123 645 3130 -
667 3079 1045 3151 modusquaadadrfflob.)
1064 3084 1234 3154 medbqucss.

121 3200 153 3209 ..
172 3176 211 3216 ae,
223 3158 268 3208 Td
281 3154 374 3219 (Rob.)
392 3148 537 3216 haalissr.
556 3189 588 3198 -
604 3165 656 3212 per,
669 3165 720 3200 om.
733 3155 769 3203 d¹.
787 3193 820 3204 -
843 3152 1026 3217 Mescbatenen,
1040 3159 1063 3205 d.
1088 3156 1236 3208 Massabate-

121 3228 219 3286 neuls,
238 3222 498 3288 Mesopotanen,Rcb.
516 3217 699 3279 Mesobateuea,
709 3214 739 3280 β.
766 3259 798 3270 ..
824 3220 941 3280 circumit,
954 3224 985 3272 R.
1011 3223 1106 3285 circuit,
1119 3220 1190 3289 ᾱβγ.
1208 3264 1236 3274 ..

120 3291 247 3351 Sacarum,
259 3292 341 3339 codex
353 3290 442 3340 Gelen.
460 3286 587 3343 Sacarum,
599 3285 664 3333 alter
675 3288 757 3337 codex
769 3288 857 3339 Galen.
870 3298 895 3338 et
906 3291 972 3339 Rob.
990 3288 1131 3353 Sosianum,
1143 3294 1196 3342 Rd.
1209 3331 1238 3340 ..

120 3358 180 3420 illis,
192 3361 221 3408 d²
233 3354 311 3419 (unus
323 3360 404 3406 codex
416 3354 505 3406 Gelan.
518 3349 634 3414 etRob.)
651 3369 702 3403 eum
714 3353 774 3416 illia,
791 3356 848 3405 Rd¹
866 3352 943 3418 (alter
967 3361 1048 3409 oodex
1069 3357 1193 3422 Geleni'n)
1209 3398 1237 3409 ..

120 3429 182 3493 ipse,
199 3429 223 3478 R
240 3423 326 3488 (codd.
343 3424 432 3474 Gelan.
450 3431 476 3472 et
490 3419 570 3484 Rob.)
588 3419 677 3470 Omitu
693 3422 746 3472 Ta.
772 3423 914 3487 Exscripsit
931 3426 957 3475 h.
975 3426 991 3474 l.
1011 3425 1095 3476 Solia.
1113 3434 1154 3489 33,
1167 3435 1191 3476 4.
1209 3467 1237 3476 -

120 3510 215 3613 mappale,
227 3494 258 3542 R.
277 3533 309 3608 ,1-
327 3490 484 3609 cagrlimoma,
497 3490 542 3541 Td
555 3487 708 3608 (1111111313ιέ
712 3488 819 3607 iidem)
845 3491 1015 3610 οαεέξνξοηίαε,
1032 3494 1064 3543 R.
1093 3493 1239 3612 agelliimcaia

121 3573 161 3681 ilii,
172 3571 916 3694 HiiiipiriotiJBSiiednytoriimgiSfflypuum,aEbb'i’ssp
937 3556 1101 3692 Sebastiam,
1119 3577 1240 3680 {igino-ni

121 3695 243 3755 Adunam,
254 3696 335 3745 RTd.
354 3694 389 3744 ad
399 3711 479 3755 unum,
490 3694 524 3744 K.
542 3700 566 3742 et
577 3706 658 3753 unum,
671 3696 743 3743 codd.
757 3694 845 3744 Gelon.
857 3689 887 3755 β.
905 3735 936 3744 ..
955 3693 1079 3757 Susianis,
1092 3697 1125 3746 E.
1144 3696 1241 3756 imaum,

121 3767 152 3814 Τ.
171 3765 266 3824 anania,
279 3765 302 3812 d.
313 3803 344 3811 ..
358 3761 471 3823 Susiane,
482 3763 506 3810 d.
524 3759 641 3826 διιείσης,
650 3763 683 3811 R.
701 3758 817 3823 Susiana,
828 3757 878 3826 βγ.

156 3827 170 3888 ἓ
185 3838 241 3882 136.
263 3829 342 3890 Orati,
357 3824 416 3880 θΤ.
437 3827 528 3891 Orneai
539 3829 644 3880 Barbar.
656 3824 756 3894 Russr.
775 3869 807 3878 -
825 3828 942 3904 Seleucip,
953 3830 985 3878 R.
1007 3872 1038 3879 -
1063 3829 1179 3893 Socrate,
1191 3834 1242 3884 Rd.

122 3913 243 3977 Soairate,
255 3910 305 3979 βγ.
324 3955 356 3964 ..
373 3914 501 3976 monam
521 3953 552 3963 -
574 3912 674 3981 Casyro,
685 3915 717 3964 R.
734 3923 825 3974 caeno,
837 3916 861 3964 d.
881 3913 991 3976 Chasiro,
1006 3907 1035 3964 θ.
1049 3957 1081 3964 -
1100 3916 1201 3980 minore,
1213 3918 1243 3967 R

121 3982 271 4044 Legendum
286 3983 385 4031 videtur
395 3981 503 4042 minutia,
516 3997 573 4031 cnm
587 3984 652 4033 duae
663 3982 758 4046 Syrtes,
770 3983 853 4031 maior
864 3991 889 4032 et
900 3986 991 4044 minor,
1003 3993 1244 4035 commemorentur.

122 4048 201 4098 Error
212 4058 282 4100 ortus
294 4065 308 4100 e
319 4051 389 4100 mala
404 4050 528 4114 scriptura
542 4048 653 4111 minores,
670 4052 745 4100 toties
762 4049 875 4100 confusis
886 4052 976 4101 litteris
988 4069 1000 4100 e
1012 4059 1037 4100 et
1048 4050 1058 4098 i
1069 4059 1095 4100 et
1107 4053 1196 4101 littera
1207 4068 1245 4103 aa

123 4119 236 4174 sequenti
248 4118 352 4167 nomine
363 4119 489 4181 absorpta.
514 4157 545 4166 ..
568 4117 682 4167 diximus.
699 4117 765 4169 Cum
781 4119 868 4167 nullus
884 4121 951 4182 apud
962 4119 1075 4168 Plinium
1087 4120 1164 4169 loeus
1177 4121 1245 4170 inve-

122 4178 214 4240 niatur,
231 4178 275 4233 ubi
291 4185 342 4234 hoc
358 4185 391 4234 sit
407 4186 514 4245 dictum,
531 4184 654 4235 Harduin.
669 4185 806 4248 significari
822 4189 920 4250 putavit
936 4185 951 4246 ξ
969 4192 1025 4236 115.
1042 4201 1124 4249 eaque
1140 4189 1200 4252 ipsa
1216 4189 1245 4237 dc

123 4259 200 4296 causa
209 4249 263 4298 illic
274 4247 408 4314 &anbelos
423 4266 437 4303 e
452 4253 599 4304 coniectura
609 4253 725 4315 restitnit,
742 4267 787 4318 per
797 4252 848 4304 hoc
859 4269 953 4306 nomen
964 4254 1051 4304 omnia
1061 4268 1101 4316 ea,
1114 4270 1184 4319 quae
1195 4257 1245 4306 hoc
