2714 4710
574 314 764 361 ramme.
1143 317 1234 360 LXXV

113 464 171 524 dici
184 471 320 541 possunt,
335 465 377 524 ite
392 463 463 527 vitia
476 484 593 544 quoque
607 468 664 546 ipsi
678 487 745 529 cum
760 468 828 529 aliis
842 469 988 529 codicibus
1003 470 1166 529 communia
1180 487 1232 528 cc·

114 575 173 633 dex
183 576 312 651 optimus
323 574 422 648 habet,
438 574 563 653 quorum
574 578 752 654 grevisnma
771 577 834 638 fere
853 585 923 637 sunt
936 577 1062 639 Annibal
1075 585 1106 660 et
1119 578 1233 651 similia,

112 686 293 758 Brittannia,
309 687 509 764 interpractor,
521 689 631 763 paullo,
642 691 797 765 praetium.
819 687 902 747 Haec
912 688 944 747 in
953 705 1091 764 praesens
1102 687 1236 746 sufficere

113 795 290 853 videbantur
303 795 342 853 ad
357 793 596 871 orthographiam
616 793 782 858 Plinianam
802 797 1021 873 exponendam,
1043 796 1127 856 cuius
1141 795 1238 872 prima

113 902 305 962 fundamenta
322 904 427 963 iecisse
446 903 556 979 aliquid
574 923 640 964 esse
660 909 800 983 putabam
806 926 815 980 3
842 906 990 982 longiores
1015 905 1237 966 dissertationes

113 1013 223 1071 addere
236 1013 289 1072 vix
302 1021 406 1090 aptum
420 1012 584 1086 videbatur,
600 1033 667 1074 curn
680 1017 772 1075 aliea
785 1016 934 1092 Wagnero
946 1016 988 1075 ita
1002 1017 1061 1076 sint
1070 1014 1235 1092 profligata,

114 1128 150 1181 ut
168 1122 200 1180 in
217 1122 254 1181 iis
275 1103 459 1198 acquiescere
477 1140 609 1199 possem,
630 1125 688 1184 alia
702 1125 765 1184 sine
780 1125 927 1184 codiubus
941 1125 1037 1200 qualis
1051 1131 1096 1183 est
1108 1122 1237 1198 Vergilii

113 1231 265 1291 Mediceus
279 1249 439 1307 numquam
452 1231 610 1292 diiudicare
622 1233 721 1293 liceat.
743 1233 831 1308 Quod
844 1243 994 1312 postremo
1007 1233 1045 1292 ad
1064 1233 1154 1293 libros
1167 1231 1236 1291 illos

115 1340 241 1416 priores,
256 1339 309 1399 ubi
322 1341 451 1400 codimm
464 1341 492 1399 B
506 1342 715 1416 desideramus,
731 1344 843 1418 attinet,
858 1363 917 1404 non
931 1361 1027 1421 pauca
1039 1343 1069 1401 in
1082 1343 1117 1401 iis
1131 1359 1236 1400 occur·

116 1449 213 1508 nentia
225 1467 279 1526 per
291 1449 390 1525 ipsum
403 1450 488 1509 illurn
502 1451 631 1511 codicem
644 1453 683 1511 ad
697 1451 841 1528 liquidum
852 1439 921 1512 sunt
930 1453 1087 1530 perducta3
1102 1451 1162 1509 alie
1170 1451 1237 1508 bre·

114 1558 191 1617 viter
203 1559 361 1616 adnotandi
374 1559 488 1636 copiam
499 1561 723 1634 commentarius
734 1562 851 1621 criticus
861 1563 991 1637 praehet,
1002 1561 1034 1619 in
1044 1579 1102 1637 quo
1113 1577 1236 1636 expres·
1298 1626 1301 1637 Ι

114 1665 156 1724 sis
169 1666 271 1726 verbis
285 1669 520 1742 commemoravi,
536 1687 614 1745 quae
628 1669 755 1747 potiores
768 1669 861 1730 libros
876 1662 1029 1748 (AVRa)
1044 1675 1162 1726 secutus
1180 1685 1237 1726 no-

114 1775 212 1834 vanda
224 1778 366 1855 putabam
373 1795 382 1848 3
397 1795 493 1854 pauca
508 1779 661 1853 quaedam,
673 1796 748 1854 quae
758 1778 929 1837 universum
940 1775 1059 1851 aliquod
1069 1793 1161 1852 genus
1172 1791 1237 1851 spe·

115 1892 210 1956 etant,
229 1885 277 1944 hic
297 1886 397 1945 statim
419 1889 663 1947 commemorabo.
694 1889 743 1947 Ita
759 1887 791 1946 in
804 1886 970 1945 nomiminis
985 1885 1186 1963 geographicis
1200 1885 1232 1944 in

112 1970 200 2066 ἆῦο-ς,
211 1972 297 2071 {ab}
309 1971 377 2058 {ab}
393 1997 570 2056 exeuntibus
595 1997 704 2056 summi
723 1996 864 2056 Lobechii
888 2002 1045 2073 praecepta
1068 1989 1236 2074 (patholog.

116 2102 260 2162 sermonis
275 2101 382 2163 Graeci
396 2124 426 2181 p.
442 2099 640 2188 tot-435.)
655 2126 674 2165 a
686 2107 758 2166 meis
772 2123 890 2190 quoque
903 2105 1051 2164 codicibus
1063 2104 1237 2180 plerumque

115 2213 317 2288 comprobata,
334 2221 475 2287 quantum
488 2215 581 2290 potui,
597 2234 663 2274 sum
677 2224 811 2287 secutue3
826 2215 947 2274 nomina
959 2213 1122 2272 insularum
1137 2209 1235 2271 Grae·

113 2336 217 2378 oarum
237 2320 270 2378 in
288 2321 465 2383 editiom'bus
485 2324 615 2398 vulgatis
632 2326 774 2401 pleraque
794 2323 892 2382 omnia
910 2323 942 2380 in
956 2340 1009 2381 asa
1023 2321 1160 2379 exeuntia
1172 2329 1237 2378 tum

114 2428 147 2486 in
160 2448 231 2490 ussa
243 2431 404 2506 transfinxi,
420 2433 471 2492 ubi
484 2434 522 2492 ab
536 2433 687 2492 adiectivis
702 2430 826 2491 Graecis
840 2432 871 2491 in
888 2408 962 2503 ο-ει-ς,
981 2407 1089 2503 {ee-eci,
1107 2407 1163 2486 ὀε-ν
1183 2428 1237 2488 de-

111 2538 212 2598 rivata
232 2556 298 2599 esse
318 2541 468 2618 a'pparuit3
489 2563 520 2602 v.
533 2540 706 2601 Buttmann.
727 2547 884 2618 grammat.
898 2536 953 2599 Gr.
973 2539 1063 2616 ampl.
1085 2537 1125 2598 T.
1143 2539 1185 2597 Π.
1206 2557 1237 2616 p.

112 2642 188 2708 387.
202 2649 273 2708 coll.
286 2647 460 2730 Bernhardy
472 2653 511 2711 ad
523 2633 649 2730 Dionys.
664 2651 775 2729 perieg.
789 2669 821 2729 p.
838 2644 911 2710 640.

154 2753 360 2818 Necessarium
377 2760 438 2819 iarn
454 2768 509 2833 eet,
531 2769 566 2820 ut
585 2761 710 2820 lectores
730 2761 769 2819 de
788 2760 901 2820 ratione
917 2759 1052 2818 conditae
1071 2757 1160 2817 huius
1173 2758 1237 2816 edi-

111 2864 201 2925 tionis
215 2867 405 2944 dispositique
419 2867 621 2929 commentarii
639 2869 730 2930 critici
745 2871 875 2941 doceam,
889 2886 927 2927 ne
943 2869 975 2926 in
993 2874 1076 2926 tenta
1089 2867 1238 2926 vanarum

112 2975 271 3035 lecticam
280 2978 359 3037 mole
369 2979 437 3037 etin
447 2980 588 3038 brevitate
602 2997 661 3055 qua
675 2979 746 3037 mihi
759 2978 902 3036 utendum
918 2974 975 3034 luit
987 2976 1196 3051 perturbentur
1209 2982 1240 3032 et

112 3085 223 3160 quibus
235 3105 274 3145 ex
288 3087 424 3146 subsidiis
440 3088 546 3147 amicis
561 3105 706 3163 quemque
719 3087 819 3144 locum
833 3082 1043 3155 constituerim,
1048 3082 1156 3141 incerti
1168 3081 1238 3140 hae·

112 3200 209 3253 reant.
231 3194 272 3253 Et
286 3195 365 3270 quod
379 3197 418 3255 ad
437 3195 569 3255 codicum
588 3195 726 3254 lectiones
739 3193 853 3265 attinet,
875 3190 954 3251 hune
967 3209 1079 3250 morem
1098 3191 1190 3263 tenui,
1204 3201 1239 3250 ut

112 3301 236 3378 singulis
253 3303 345 3363 Plinii
363 3304 446 3364 libris
464 3303 584 3363 nomina
604 3303 737 3363 codicum
755 3301 994 3379 praescriberem,
1015 3300 1065 3375 qui
1084 3319 1138 3378 per
1153 3299 1239 3360 ‘hune

111 3411 223 3471 librum
240 3420 293 3471 aut
310 3413 366 3472 toti
385 3420 438 3473 aut
456 3414 564 3491 partim
581 3413 613 3472 in
630 3431 729 3472 meum
747 3429 835 3472 usum
853 3418 907 3470 aut
924 3411 1052 3488 primum
1070 3417 1123 3471 aut
1141 3412 1237 3471 denuo

112 3527 183 3580 sunt
195 3521 240 3581 ita
257 3522 369 3595 achad,
387 3530 422 3581 ut
435 3523 566 3583 virorum
580 3524 732 3592 doctorum
745 3521 824 3594 fidei,
845 3521 896 3597 qni
909 3519 967 3580 hoc
980 3521 1128 3598 negotium
1142 3522 1237 3580 subie-

110 3639 192 3704 runt,
206 3631 281 3689 tides
295 3631 397 3690 haberi
408 3638 516 3708 posset,
530 3637 654 3708 excepto
659 3607 817 3703 Toletano,
830 3648 918 3705 quem
928 3629 966 3688 ad
977 3628 1160 3706 superiorum
1170 3627 1235 3687 rna-

112 3739 159 3814 gis
176 3741 363 3800 saeculomm
383 3759 472 3815 quam
486 3741 580 3800 nostri
598 3757 732 3800 normam
751 3757 815 3799 esse
833 3740 974 3799 collatum
993 3755 1084 3815 supra
1103 3755 1134 3814 p.
1159 3737 1235 3798 XII.

112 3848 182 3908 dixi.
209 3847 337 3908 Illorum
362 3849 453 3924 igitur
473 3851 604 3909 codicum
628 3850 789 3926 scripturas
808 3864 910 3906 omnes
934 3847 1069 3907 omnibus
1089 3848 1235 3907 lemmatis

113 3957 282 4018 adscribere
295 3976 355 4017 non
368 3957 426 4017 iuit
440 3975 532 4034 opus3
551 3957 725 4034 plerumque
739 3973 799 4028 eas,
821 3972 897 4031 quae
910 3955 1064 4016 lectionem
1077 3956 1137 4014 iam
1149 3956 1179 4016 in
1195 3952 1235 4038 βγ

115 4073 279 4126 exstantem
293 4074 354 4126 eta
367 4085 415 4125 me
429 4073 575 4151 servatam
590 4065 811 4135 confirmabant,
832 4063 917 4130 omisi
933 4083 983 4124 eas
997 4064 1084 4123 modo
1098 4064 1234 4136 afferens,

116 4193 191 4250 quae
211 4179 251 4237 ab
270 4177 317 4236 his
339 4185 423 4236 erant
443 4175 584 4264 dianam.
614 4171 727 4249 Quodsi
741 4180 838 4234 taram
851 4173 882 4233 in
895 4173 969 4233 locis
983 4174 1132 4235 nonnullis
1145 4173 1234 4251 paulo
