2714 4710
411 288 482 338 nm.
498 289 546 338 v1.
574 288 652 338 car.
669 289 769 338 xxvr.
799 287 896 338 sacr.
912 290 945 333 m
1172 268 1235 339 445

113 435 207 505 Silici
231 435 400 516 Classitae,
421 460 481 524 per
501 460 581 522 quos
595 436 707 524 Lycus
721 461 761 504 ex
774 437 929 504 Armenia
942 438 1055 518 fertur,
1069 438 1235 507 Abslthris

112 539 157 604 ad
177 539 347 604 hibernum
369 549 526 617 exortum,
548 538 689 605 Asochis
709 539 874 626 oppidum,
896 561 971 604 mox
991 539 1026 602 in
1048 540 1235 624 campestri·

110 639 174 705 bus
200 639 319 726 oppida
344 639 528 726 Diospage,
551 638 724 725 Polytelia,
747 636 944 718 Stratonice,
967 638 1163 704 Anthemus.
1196 639 1236 707 In
1250 662 1294 710 tls

111 723 231 806 vicinia
265 739 442 825 Euphratis
476 739 692 825 Nicephorion
724 740 811 823 quod
842 740 1005 816 diximus3
1045 739 1235 806 Alexander

111 840 211 908 iussit
237 841 333 906 condi
361 851 493 927 propter
519 841 581 907 loci
608 839 890 926 opportunitatem.
925 840 1025 906 Dicta
1058 851 1108 905 est
1140 850 1173 907 et
1203 841 1238 906 in

111 940 290 1029 Zeugmate
312 939 474 1028 Apamea,
504 963 546 1006 ex
565 963 630 1024 qua
653 941 809 1005 orientem
829 951 977 1026 petentes
1000 941 1121 1029 exeipit
1141 942 1236 1029 oppi-

111 1042 191 1106 dum
215 1038 387 1126 Caphrena
407 1039 581 1118 munitum,
611 1040 772 1124 quondam
795 1040 969 1105 stadiorum
990 1064 1057 1105 Lxx
1084 1043 1236 1128 amplitu-

112 1143 189 1207 dine
211 1152 245 1206 et
266 1153 465 1228 satraparum
479 1142 570 1229 regia
583 1141 789 1226 appellatum,
810 1162 875 1225 quo
891 1140 1011 1206 tributa
1026 1143 1237 1208 confereban-

111 1253 183 1322 tur,
210 1241 352 1307 nuncin
372 1265 479 1308 arcem
499 1242 676 1306 redactum.
710 1240 855 1317 Durant,
882 1251 919 1305 ut
940 1241 1048 1321 fuere,
1072 1241 1237 1309 Thaebata
1251 1265 1294 1311 lac

111 1355 147 1410 et
168 1345 269 1409 ductu
289 1344 423 1429 Pompei
444 1342 561 1430 Magni
589 1343 743 1409 terminus
764 1341 902 1407 Romani
923 1343 1026 1430 inperi
1049 1343 1189 1421 Oruros,
1217 1365 1237 1410 a

110 1444 290 1533 Zeugmate
325 1466 386 1509 con
428 1444 557 1509 milibus
596 1466 629 1530 p.
671 1440 756 1507 Sunt
790 1444 847 1528 qui
882 1445 1014 1508 tradunt
1048 1442 1238 1531 Euphraten

111 1543 254 1612 Gobaris
286 1544 442 1631 praefecti
476 1566 573 1631 opere
599 1545 765 1609 diductum
791 1545 848 1609 ubi
877 1568 951 1610 eum
980 1545 1120 1610 diximus
1146 1545 1236 1625 findi,

109 1668 155 1711 ne
186 1646 356 1733 praecipiti
393 1669 490 1711 cursu
519 1644 685 1728 Babylona
716 1644 898 1724 infestaret,
932 1646 972 1711 ab
993 1644 1139 1730 Assyriis
1159 1669 1236 1711 vero

110 1745 274 1811 universis
307 1747 503 1832 appellatum
533 1743 764 1823 Narmalchan,
801 1746 889 1828 quod
920 1745 1080 1831 significat
1111 1746 1237 1832 regium

109 1846 240 1913 flumen.
276 1845 351 1928 Qua
381 1847 558 1923 derivatur,
586 1844 740 1931 oppidum
766 1845 830 1908 fuit
856 1845 998 1933 Agranis
1025 1835 1236 1926 emauumis,

110 1948 200 2032 quod
225 1948 352 2012 diruere
373 1946 504 2011 Persae.
537 1944 684 2029 Babylon
707 1942 951 2009 chaldaicarum
972 1946 1118 2033 gentium
1139 1957 1238 2033 caput
1252 1969 1294 2014 121

111 2048 170 2114 diu
192 2071 348 2113 summam
374 2048 550 2113 claritatem
569 2047 653 2110 inter
673 2046 763 2111 urbis
785 2047 924 2131 optinuit
945 2057 1011 2113 toto
1038 2047 1130 2126 orbe,
1160 2071 1236 2135 pro·

111 2160 188 2236 pter
212 2173 309 2234 quam
330 2150 454 2232 reliqua
474 2170 550 2233 pars
571 2145 828 2232 Mesopotamiae
849 2147 1072 2232 Assyriaeque
1093 2147 1236 2234 Babylo·

111 2251 168 2316 nia
189 2252 350 2338 appellata
371 2260 431 2328 est,
453 2272 497 2313 ux
517 2247 605 2313 milia
625 2272 658 2333 p.
671 2248 829 2332 ‚amplexa
850 2249 951 2312 muris
972 2249 1114 2315 ducenos
1135 2251 1236 2335 pedes

112 2352 206 2430 altis,
239 2353 484 2438 quinquagenos
510 2349 603 2427 latis,
635 2348 670 2411 in
699 2347 842 2432 singulos
870 2348 970 2432 pedes
998 2350 1096 2414 ternis
1125 2350 1237 2438 digitis

113 2475 266 2517 mensura
287 2454 439 2539 amphora
460 2472 558 2535 quam
577 2458 703 2525 nostra,
725 2446 874 2511 interfluo
894 2446 1079 2533 Euphrate,
1100 2449 1238 2514 mirabili

114 2574 212 2638 opere
227 2564 371 2638 utroque.
393 2553 501 2620 Durat
521 2548 627 2615 adhuc
647 2546 694 2613 ibi
708 2545 794 2613 Iovis
808 2547 881 2614 Beli
900 2551 1054 2637 templum
1060 2575 1069 2629 3
1091 2551 1237 2618 inventor

114 2761 189 2810 codd.
201 2760 313 2809 Barbari.
336 2756 526 2818 (transcamus,
538 2758 591 2808 Bd.
610 2796 642 2805 ..
660 2754 717 2815 Sue,
729 2757 753 2805 d.
775 2752 842 2816 Suet,
854 2748 915 2806 Ro.
939 2756 1006 2820 Suci,
1018 2760 1050 2809 T.
1068 2757 1141 2822 Save,
1152 2762 1186 2813 K.
1204 2801 1237 2812 ..

113 2827 154 2885 im,
166 2826 198 2874 R.
217 2865 248 2874 ..
268 2824 349 2884 sitici,
361 2827 386 2875 B
398 2822 484 2886 (codd.
503 2821 605 2884 Gelan.)
623 2820 694 2882 Siloi,
708 2815 766 2871 θΤ.
785 2821 854 2879 Suri,
866 2825 890 2872 d.
909 2863 940 2872 ..
962 2821 1090 2889 Classiam,
1103 2831 1175 2879 codd.
1187 2828 1237 2880 Ge·

113 2894 165 2941 len.
186 2889 314 2950 Classitre,
326 2894 357 2941 R.
376 2890 422 2939 dos
432 2892 517 2949 sitrae,
529 2893 552 2938 d.
575 2887 726 2946 catamare,
738 2889 818 2937 Hard.
838 2928 869 2936 ..
887 2887 1019 2950 Absitltris,
1031 2894 1063 2942 R.
1081 2892 1199 2951 Absitrt's,
1212 2899 1237 2945 d.

114 2957 238 3016 Absidris,
254 2953 305 3020 βγ.
331 2958 461 3021 Absyrtus,
478 2957 599 3006 Bochart.
616 2969 702 3016 geogr.
720 2970 782 3004 sacr.
798 2969 823 3016 p.
842 2960 899 3003 243.
918 2956 949 3004 ab
961 2953 1045 3006 Sidris
1057 2959 1074 3007 i.
1087 2974 1108 3008 a.
1122 2963 1153 3010 ab
1165 2963 1238 3023 aquis

115 3027 211 3085 calidis,
223 3025 330 3074 Parisot.
350 3065 381 3072 -
398 3023 512 3084 Asochis,
524 3025 555 3072 T.
572 3022 702 3080 Acbacbr's,
714 3013 776 3070 ΒΘ.
794 3019 912 3080 Azochis,
924 3017 995 3086 dssr.
1014 3063 1045 3073 -
1065 3025 1146 3076 tadioa
1155 3027 1238 3091 papia,

115 3097 139 3143 d.
164 3133 196 3143 ..
220 3090 348 3157 Polytelia,
359 3093 397 3141 R²
409 3089 495 3153 (codd.
507 3087 635 3151 Barbari.)
659 3087 784 3151 Polyteba,
797 3089 829 3138 K.
843 3087 1010 3139 emittam.
1034 3133 1065 3141 ..
1089 3091 1238 3160 Stratonice,

114 3163 160 3211 Bt
188 3158 351 3220 Stratonicen,
364 3161 435 3208 codd.
446 3159 551 3208 Barbar.
563 3152 592 3218 β.
618 3153 846 3218 Stratouiyeua,K
864 3155 953 3206 Omitt.
970 3158 1037 3208 Ru.
1055 3199 1087 3208 ..
1107 3160 1238 3224 Aturrus,

114 3229 181 3278 R'd.
198 3225 390 3281 Anthemusium,
401 3226 434 3276 K
735 3270 745 3286 ,

150 3293 165 3354 ξ
180 3300 236 3344 119.
256 3291 323 3356 quad
335 3292 450 3353 diximus,
463 3295 487 3341 d.
506 3290 572 3356 quod
582 3300 610 3341 ut
620 3289 736 3352 diximus,
748 3289 802 3354 Ity.
819 3299 846 3340 ut
856 3288 962 3342 diximus
974 3290 1046 3356 quad,
1057 3295 1125 3344 Pint.
1136 3289 1166 3356 β.
1178 3294 1238 3345 Vid.

117 3368 141 3422 s,
154 3368 195 3412 ee.
212 3402 245 3410 -
262 3358 341 3410 Dicta
352 3369 391 3410 est
403 3367 425 3419 5,
439 3366 479 3411 ae.
498 3399 530 3408 -
549 3367 580 3420 et,
593 3361 617 3408 d.
635 3359 724 3409 omitt.
741 3353 821 3422 Rssy.
842 3398 873 3408 -
893 3357 1052 3424 Zeuymaur,
1064 3363 1096 3412 lt.
1114 3361 1238 3422 humare,

116 3431 141 3478 d.
155 3469 185 3476 -
212 3428 332 3492 Apamea,
343 3429 425 3479 Rue.
442 3426 578 3492 Apamaea,
592 3419 620 3474 θ.
637 3425 753 3488 Apamia,
763 3421 815 3489 βγ.
829 3465 860 3475 -
880 3442 935 3490 qua,
947 3427 979 3478 R.
999 3429 1118 3492 quo,Td.
1136 3469 1168 3478 ..
1191 3427 1239 3480 ca

113 3497 216 3560 pbreua,
237 3496 268 3544 R.
298 3493 454 3560 Caplraena,
467 3488 496 3543 θ.
524 3491 705 3557 Gafrma,Td.
732 3488 911 3558 apprimassr.
938 3534 970 3544 -
1001 3492 1132 3559 quoddam,
1153 3498 1177 3545 d.
1206 3535 1238 3544 .-

116 3561 208 3620 LXX.
220 3557 329 3614 aare.
346 3561 436 3624 LXV,
448 3558 477 3622 β.

152 3633 166 3692 §
180 3637 236 3680 120.
246 3631 324 3692 fuere
341 3628 478 3688 Tbaebata,
492 3622 519 3678 θ.
529 3629 617 3693 fueret
624 3626 776 3688 Heraean.
787 3629 974 3693 fumumbama,
984 3631 1007 3680 d.
1017 3628 1239 3692 fuerautHebata,

116 3692 168 3760 βγ.
180 3695 326 3754 -ἅιιετιιηι,
340 3700 406 3747 d.-
427 3693 790 3757 Orturos,K.-traduat,R.
809 3694 919 3754 madunt,
931 3697 985 3745 Td.
998 3735 1025 3744 -
1045 3694 1202 3759 Euphraten,
1214 3699 1238 3746 d.

116 3761 274 3830 Euphratem,
286 3759 366 3828 Rssr.
384 3804 417 3812 -
438 3762 551 3824 Gabaris,
564 3765 637 3812 codd.
651 3762 740 3812 Galen.
761 3759 873 3822 Gobares,
884 3761 909 3811 R
918 3754 952 3815 9.,
968 3760 1077 3824 Gabaris,
1089 3765 1113 3812 d.
1126 3803 1157 3813 ..
1177 3778 1239 3824 eum,

117 3833 141 3882 d.
160 3832 195 3891 aa,
207 3831 239 3879 R.
254 3871 285 3879 -
302 3830 406 3880 diximus
420 3837 443 3889 5,
456 3837 496 3888 89.
511 3869 543 3880 ..
551 3829 636 3893 fundi,
648 3832 671 3879 d.
687 3869 718 3878 -
732 3826 871 3892 Babylona,
883 3828 936 3878 Ito.
954 3826 1126 3893 Babyloniam,
1137 3825 1188 3894 βγ.
1206 3871 1238 3881 .-

117 3898 149 3947 ab
162 3895 282 3961 Assyriis,
294 3897 326 3946 R.
345 3907 368 3947 et
379 3900 409 3947 ab
421 3896 503 3962 Syris,
516 3900 540 3947 d.
558 3937 590 3947 ..
609 3893 792 3955 Narmalcbau,
804 3898 829 3945 R
837 3886 916 3946 θΤᾱ.
934 3894 1093 3958 Armalcltar,
1103 3892 1133 3959 β.
1151 3895 1239 3948 Naar·

118 3964 355 4024 maloba,Bochart.
368 3979 454 4027 geogr.
467 3980 528 4015 sacr.
546 3979 571 4027 p.
588 3970 629 4015 et.
657 4003 688 4012 ..
715 3962 862 4024 derivatum,
877 3962 931 4014 Rd.
958 4003 989 4013 -
1015 3961 1160 4028 Ayraaisa,
1180 3958 1239 4016 θΤ.

116 4032 229 4098 Ayram's
241 4047 274 4090 se,
286 4032 339 4081 Ba.
356 4031 456 4095 Ayraui
467 4048 487 4091 e,
499 4027 549 4095 βγ.

154 4097 168 4158 ξ
183 4103 240 4148 121.
263 4100 323 4148 inter
338 4102 417 4159 urbes,
434 4094 537 4148 ROTd
554 4095 646 4160 (Rob.)
663 4098 750 4149 Omitt.
767 4093 819 4161 βγ.
843 4097 962 4148 Ceterum
977 4097 1043 4146 haec
1055 4100 1241 4164 exscripserunt

44 4169 47 4173 '
120 4165 201 4216 Solin.
216 4173 255 4227 56,
271 4168 496 4226 l.etMartian.6,
511 4170 568 4216 701.
592 4205 624 4215 ..
646 4159 822 4226 multare.
844 4161 1078 4230 intutaRobsty.
1104 4208 1134 4217 ..
1159 4185 1239 4232 quam,

120 4232 153 4282 R.
172 4234 242 4297 quad,
258 4227 286 4287 θ,
305 4249 375 4300 quaa,
388 4236 412 4286 d.
431 4274 462 4284 ,.
482 4231 626 4296 latis,Rob.
646 4230 718 4296 latas,
729 4228 782 4297 βγ.
801 4273 832 4282 -
851 4232 996 4299 interfluaio,
1009 4235 1032 4283 d.
