2714 4710
112 109 173 171 180
458 125 660 172 utrumme
683 124 877 172 meremur

108 275 142 339 in
156 277 241 342 nube
257 277 442 354 tonitruum,
464 298 524 342 nec
537 275 645 340 hiatus
660 274 746 340 aliud
760 296 856 357 quam
879 297 952 340 cum
974 274 1097 341 fulmen
1119 296 1223 341 erum·

108 378 167 461 pit,
190 378 313 443 incluso
335 377 450 461 spiritu
470 378 609 441 luctante
630 386 662 441 et
681 376 723 440 ad
743 375 923 441 libertatem
943 375 1031 441 exire
1049 376 1184 442 nitente.

149 476 301 541 LXXX.
335 478 385 540 82.
408 476 506 541 Varie
521 477 629 561 itaque
644 475 786 560 quatitur
806 487 839 542 et
857 476 937 541 mira
955 477 1096 542 eduntur
1116 500 1223 563 opera,
1237 495 1275 539 19³

107 579 182 645 alibi
204 579 369 663 prostratis
390 577 574 655 moenibus,
598 578 674 643 alibi
694 578 784 642 hiatu
805 578 966 663 profimdo
987 577 1128 656 haustis,
1151 578 1224 644 alibi

108 680 225 766 egestis
250 678 404 755 molibus,
433 678 510 744 alibi
530 679 655 743 emissis
678 679 839 757 amnibus,
867 701 1110 763 nonnumquam
1129 681 1225 745 etiam

105 779 235 867 ignibus
251 779 403 843 calidisve
420 779 571 857 fontibus,
596 779 671 844 alibi
687 800 799 844 averso
812 778 979 844 fluminum
994 802 1101 846 cursu.
1123 779 1224 846 Prae-

106 880 190 945 cedit
216 902 291 944 vero
320 880 551 964 comitaturque
578 880 728 944 terribilis
756 902 869 958 sonus,
899 881 978 944 alias
1003 882 1157 946 murmuri
1178 882 1223 946 si·

104 981 203 1058 milis,
231 981 309 1045 alias
336 982 512 1068 mugitibus
534 991 589 1044 aut
616 981 745 1046 clamori
766 980 906 1046 humano
926 1004 1129 1048 armorumve
1150 984 1224 1069 pul-

105 1082 242 1147 santium
265 1081 394 1168 fragori,
418 1103 476 1164 pro
498 1081 651 1163 qualitate
673 1083 823 1146 materiae
846 1082 1034 1167 excipientis
1056 1083 1224 1169 formaque

104 1185 155 1248 vel
178 1206 384 1248 cavernarum
398 1183 449 1246 vel
465 1183 604 1248 cuniculi
617 1205 676 1267 per
692 1204 788 1265 quem
802 1194 896 1261 meet,
921 1184 1034 1249 exilius
1056 1196 1223 1272 grassante

103 1285 136 1348 in
163 1295 317 1371 angusto,
350 1282 462 1347 eodem
486 1304 584 1347 rauco
611 1283 645 1346 in
671 1283 831 1360 recurvis,
861 1285 1036 1350 resultante
1061 1286 1097 1350 in
1122 1287 1222 1365 duris,

103 1386 258 1450 fremente
272 1385 306 1448 in
320 1383 448 1460 umidis,
471 1382 645 1448 fluctuante
666 1384 700 1447 in
722 1385 955 1471 stagnantibus,
978 1386 1124 1451 fervente
1145 1409 1223 1454 cen-

102 1498 152 1551 tra
166 1485 275 1551 solida.
305 1485 419 1567 Itaque
440 1495 472 1548 et
491 1485 559 1548 sine
580 1494 670 1547 motu
693 1507 788 1569 saepe
811 1485 916 1550 editur
938 1508 1045 1565 sonus,
1068 1510 1130 1554 nec
1145 1487 1281 1552 sim-1⁹⁴

102 1589 177 1673 plici
203 1588 298 1650 modo
327 1587 467 1669 quatitur
494 1608 646 1668 umquam
673 1585 731 1649 sed
759 1586 865 1651 tremit
891 1587 1069 1672 vibratque.
1100 1587 1223 1653 Hiatus
1343 1572 1346 1579 ⁴

102 1708 179 1752 vero
201 1688 278 1750 alias
300 1699 443 1750 remanet
465 1687 637 1751 ostendens
660 1709 743 1770 quae
764 1688 897 1767 sorbuit,
920 1689 998 1755 alias
1012 1689 1154 1755 occultat
1167 1712 1222 1756 ore

103 1809 274 1872 conpresso
294 1811 470 1870 rursusque
489 1789 535 1852 ita
550 1788 682 1853 inducto
698 1788 766 1854 solo
780 1800 817 1853 ut
830 1790 917 1855 nulla
931 1790 1069 1878 vestigia
1082 1800 1220 1869 exstent,

101 1889 235 1954 urbibus
250 1889 437 1974 plerumque
453 1888 614 1953 devoratis
629 1912 842 1976 agrorumque
865 1899 969 1954 tractu
989 1889 1113 1955 hausto.
1142 1889 1222 1955 Ma-

101 1991 206 2054 ritima
238 2000 345 2055 autem
376 2012 524 2054 maxume
558 1991 746 2072 quatiuntur
774 2013 834 2056 nec
859 2002 1028 2056 montuosa
1054 1991 1109 2056 tali
1135 1992 1222 2058 malo

102 2102 228 2169 carent3
256 2093 457 2179 exploratum
483 2092 561 2157 mihi
589 2101 637 2156 est
657 2092 752 2177 Alpis
772 2091 1068 2177 Appenninumque
1090 2092 1220 2178 saepius

102 2195 279 2259 tremuisse.
315 2194 361 2258 Et
387 2204 540 2259 autumno
569 2216 606 2256 ac
636 2215 710 2269 vere
738 2203 840 2265 terrae
868 2192 1010 2259 crebrius
1036 2203 1220 2272 moventur,
1235 2206 1280 2250 1⁹⁵

103 2296 187 2360 sicut
208 2297 349 2360 fulmina.
378 2295 456 2358 Ideo
473 2293 595 2361 Galliae
618 2304 650 2358 et
663 2292 837 2382 Aegyptus
858 2295 998 2360 minume
1020 2293 1219 2378 quatiuntur,

104 2396 252 2476 quoniam
273 2395 325 2458 hic
348 2394 477 2458 aestatis
500 2418 596 2482 causa
616 2397 738 2490 obstat,
766 2378 831 2481 illic
852 2396 975 2462 hiemis.
1010 2393 1095 2489 Item
1119 2404 1221 2460 noctu

104 2495 231 2577 saepius
254 2516 349 2576 quam
370 2495 518 2559 interdiu.
546 2495 694 2559 Maxumi
716 2507 822 2561 autem
843 2508 949 2584 mutus
969 2495 1129 2561 exsistunt
1148 2517 1219 2559 ma-

102 2595 198 2659 tutini
212 2595 459 2680 vespertinique,
476 2597 533 2659 sed
547 2597 725 2681 propinqua
739 2599 811 2663 luce
826 2598 940 2681 crebri,
955 2596 1097 2663 interdiu
1111 2605 1221 2661 autem

136 2723 270 2787 thonitrum,
283 2726 332 2774 R2.
351 2723 432 2784 thenit,
444 2727 468 2774 Β
478 2728 492 2773 ¹.
507 2766 537 2773 -
551 2743 610 2786 cuin,
622 2728 646 2775 Β
657 2729 713 2776 ¹ad.
733 2728 803 2791 quod,
816 2731 865 2778 R2.
886 2770 916 2778 ..
928 2726 1032 2793 fulmen,
1044 2729 1070 2779 Β
1081 2724 1125 2790 (en
1137 2728 1164 2776 in
1179 2743 1219 2778 run

102 2791 180 2855 sura.)
198 2796 237 2843 d².
256 2793 360 2857 fluuius,
373 2811 395 2842 a.
411 2792 524 2856 fulmine,
537 2792 577 2842 (1¹.
597 2834 627 2841 -
649 2793 747 2858 rumpit,
760 2798 784 2844 d.
803 2835 835 2843 ..
854 2795 966 2855 luctante,
978 2798 1009 2847 R.

135 2861 150 2922 ᾖ
164 2868 220 2912 193.
239 2861 293 2922 mir,
305 2864 336 2911 Β.
352 2902 380 2908 -
401 2859 513 2921 eduntur,
525 2863 593 2910 Rae
603 2859 732 2922 (Robert.)
751 2863 848 2923 deutur,
860 2864 913 2912 Td.
933 2904 964 2911 ..
986 2862 1221 2914 olibi-moem'bm

103 2931 184 2977 omitt.
196 2931 221 2976 R
233 2926 361 2990 (Robert.)
382 2967 411 2976 ..
431 2930 530 2988 haustu,
547 2929 577 2976 Β.
599 2970 628 2976 -
648 2927 733 2990 aliubi,
750 2929 783 2978 Β.
802 2970 833 2977 ..
852 2945 948 2991 averso,
965 2921 1139 2980 Rsrtlaur
1155 2926 1221 2992 (Ro-

101 2992 177 3054 bert.)
195 2993 308 3052 adverso,
318 2991 346 3054 β.
361 3037 392 3042 ,
405 2994 532 3055 murmuri,
544 2989 726 3057 R²9r(1tob.)
745 3011 874 3058 murmure,
885 2996 934 3046 R¹.
951 3013 1068 3057 mumur,
1080 2993 1175 3062 αᾱβγ.
1188 3037 1220 3046 .-

102 3059 199 3120 similis,
216 3052 342 3108 R²0asr
359 3060 487 3122 (Robert.)
511 3060 613 3123 similes,
629 3063 679 3111 R1.
703 3062 818 3125 siusilius,
835 3059 886 3127 βγ.
905 3104 935 3112 ..
959 3062 1037 3125 aliae,
1058 3056 1103 3112 Or.
1129 3064 1220 3115 Omirt.

102 3129 170 3177 Rad
186 3124 313 3186 (Robert.)
329 3124 380 3190 βγ.
406 3168 436 3175 -
459 3131 618 3190 arborumoe,
636 3123 664 3177 θ.
689 3170 720 3178 ..
736 3131 905 3194 firmumque,
922 3132 954 3181 Β.
978 3171 1009 3179 -
1034 3145 1110 3195 quem,
1126 3130 1221 3182 BSud

103 3189 232 3256 (Robore.)
256 3209 310 3256 que,
327 3195 357 3242 Τ.
382 3234 413 3240 -
437 3204 509 3255 meet,
530 3197 623 3246 R²Td
647 3207 676 3257 et,
692 3196 756 3262 12¹2.
772 3198 815 3259 fit,
833 3198 851 3247 S
869 3195 998 3260 (Robert.)
1020 3206 1093 3258 meat,
1110 3192 1163 3261 βγ.
1187 3238 1220 3246 -

103 3263 190 3322 exitus,
203 3261 221 3311 S
234 3258 362 3321 (Robert.)
384 3300 412 3306 -
424 3261 551 3323 fremente,
568 3255 612 3313 Or.
629 3264 752 3326 fervente,
764 3265 911 3328 RTadcy.
930 3307 961 3314 -
980 3263 1014 3326 in,
1026 3256 1128 3314 nour.
1147 3272 1173 3313 et
1184 3264 1221 3325 in,

102 3346 124 3379 a.
145 3369 176 3377 -
194 3329 225 3387 ia,
237 3329 290 3376 ΒΤ
301 3320 387 3376 Badr.
412 3337 442 3389 et,
454 3325 482 3389 β,
501 3345 551 3392 qua
563 3346 596 3379 cx
608 3332 730 3394 scriptura
746 3333 914 3394 interpunctio
931 3332 1007 3381 huius
1018 3331 1070 3381 loci
1085 3331 1114 3380 iu
1130 3333 1220 3381 mem

102 3398 210 3447 editione
230 3397 364 3459 paululum
385 3403 424 3444 est
443 3396 583 3447 immutata.
617 3439 648 3446 n
673 3399 793 3461 ,fomenta
814 3391 969 3449 RTOatur
994 3394 1127 3460 (Robora)
1165 3398 1222 3448 item

93 3465 214 3527 fervente,
227 3463 283 3513 a²e.
302 3463 489 3525 itemfrcmeute,
501 3461 551 3527 βγ.
571 3506 602 3512 ..
620 3462 711 3526 solido,
723 3468 748 3515 Β
757 3458 844 3515 Oadr.
864 3466 944 3528 solito,
955 3462 984 3527 β.

135 3523 454 3595 §194.Itaque,R6ad.
483 3529 640 3594 Quandoque,
653 3549 672 3580 r.
691 3574 722 3581 -
741 3549 858 3596 umquam,
870 3533 936 3582 R2u.
960 3533 1048 3583 Omitt.
1065 3529 1221 3594 waram

99 3597 175 3661 bert.)
187 3614 211 3663 γ.
231 3640 262 3648 -
282 3608 413 3659 remaneat,
425 3597 473 3646 R¹.
493 3638 524 3645 -
543 3595 768 3659 occultatorem.
787 3597 906 3650 occultior
918 3610 960 3662 est,
972 3599 1041 3649 Td².
1065 3596 1221 3661 occultiore,

101 3665 141 3715 (1¹.
161 3708 192 3715 -
206 3665 322 3715 inductus
340 3664 385 3727 olo,
403 3665 451 3715 R'.
472 3706 502 3712 -
522 3662 633 3725 devorat,
649 3664 697 3714 R¹.
716 3707 749 3716 -
768 3676 844 3729 custo,
856 3666 905 3716 3².
924 3676 970 3727 sto,
982 3666 1220 3727 R¹.-mentuos‹s,

99 3729 230 3784 RTan.
253 3743 368 3795 montosa,
384 3729 413 3794 β.
438 3775 469 3781 -
496 3730 572 3794 modo,
588 3734 638 3782 R2.
662 3773 693 3781 -
720 3732 780 3785 mili
795 3744 836 3795 est,
853 3736 921 3785 Rau
937 3732 1066 3797 (Rebert.)
1092 3742 1131 3784 est
1149 3731 1220 3795 mitt,

98 3796 149 3862 βγ.
169 3841 200 3848 ..
218 3799 368 3864 Apenninus,
379 3803 483 3850 Robert.
500 3798 635 3864 Apeuuius,
646 3817 666 3848 r.

134 3866 218 3925 §rea
236 3883 300 3926 aero,
317 3867 366 3916 R1.
386 3909 417 3915 -
442 3868 512 3928 sicut,
529 3869 604 3918 RTo
620 3864 749 3930 (Robert.)
772 3867 927 3929 sicutfium,
949 3862 1020 3932 αβγ.
1043 3908 1075 3916 -
1095 3867 1220 3931 flumina,

98 3931 180 3982 R¹a¹.
199 3974 230 3981 -
254 3941 335 3982 autem
340 3932 425 3995 futuri
442 3936 517 3998 siqua
528 3943 604 3984 motus
616 3936 719 3985 existunt
736 3934 763 3982 ti
774 3935 892 3997 matutini,
904 3949 928 3985 σ.
947 3975 979 3984 ..
1003 3932 1113 3984 interdiu
1128 3951 1220 3985 „me-

100 3998 148 4048 rid.
165 4001 260 4064 primus
277 4004 308 4049 ad
324 4003 499 4063 praecedentia
515 4003 594 4051 traxit
608 4003 675 4051 Pint.
696 4044 726 4051 -
750 4002 873 4063 meridies,
890 4004 992 4053 RTad.
1011 4040 1043 4053 ...
1061 4000 1133 4064 eolis,
1150 4003 1221 4052 delet

98 4069 165 4118 Pint.
185 4109 216 4115 -
237 4068 342 4127 imbrem,
355 4069 400 4117 Ra
412 4066 541 4130 (Robert.)
559 4069 653 4130 imbres,
667 4071 718 4119 Td.

133 4135 146 4194 §
167 4142 221 4185 196.
247 4136 304 4195 siue,
321 4137 344 4183 d.
364 4175 393 4182 -
419 4135 474 4197 ictu,
491 4128 652 4186 RATOad.
671 4138 718 4199 icti,
733 4133 784 4203 βγ.
804 4179 835 4188 ..
859 4138 969 4200 nauibus,
984 4138 1009 4187 Β
1031 4134 1164 4199 (incorr.)
1183 4177 1217 4186 -
