2714 4710
154 302 228 345 xm
618 300 809 343 murno.

154 454 384 531 inscriptionem.
410 450 562 512 Posterior
580 451 756 529 parsleno
776 451 932 512 videbatur
949 451 1048 527 priore
1064 450 1157 528 paulo
1177 466 1280 511 emm·

154 564 261 637 moos,
280 563 373 636 „licet
389 561 444 621 illa
460 578 581 636 qnoque
599 562 823 621 emenuemium
839 560 1020 637 negligentis
1034 560 1078 618 ita
1097 560 1281 633 todeneio,

153 671 462 750 atqueeprobsndse
480 670 514 729 in
530 686 567 728 ea
584 670 773 747 invenientur
791 670 933 729 lectitasse
951 688 1007 728 osu
1024 669 1282 743 gemmulum

154 782 337 860 quaerendae
357 778 445 839 sint?
479 780 590 839 Ianus
614 799 654 838 ex
677 799 714 838 eo
731 780 879 856 excerpsit
895 777 1122 856 meletiana,
1146 778 1221 837 libri
1235 776 1279 837 II.

155 885 323 963 51-137.
347 889 406 949 111.
430 885 544 948 1-16.
570 888 612 948 V.
633 885 748 948 1.31.
772 888 830 947 VI.
845 884 960 947 1-64.
985 887 1075 946 VIII.
1090 882 1211 949 1-26.
1233 887 1279 948 X.

157 993 273 1059 1.24.
292 997 384 1058 XIV.
400 991 517 1057 1..35.
536 996 628 1056 XIX.
645 993 760 1058 1-48.
779 996 871 1056 XXI.
887 991 1003 1058 1..60.
1023 995 1148 1055 XXIV.
1163 991 1280 1056 1..19.

156 1103 229 1168 112.
246 1103 318 1167 113.
343 1106 449 1166 XXV.
464 1101 581 1167 1..15.
604 1106 760 1166 XXXIV.
777 1101 916 1165 stt-70.
929 1105 1113 1177 mvn,
1128 1113 1282 1181 aqu·-

154 1235 244 1293 quam
263 1225 344 1277 totus
365 1225 399 1275 ut
419 1225 604 1275 excuteretur
617 1217 735 1274 minime
749 1215 806 1297 fuit
819 1216 938 1290 dignus,
959 1221 1063 1291 utpote
1079 1215 1134 1290 qni
1151 1215 1282 1275 aalma

153 1327 348 1404 interpolatus
357 1326 407 1398 sit,
417 1325 545 1384 maxinm
557 1324 588 1384 in
600 1327 690 1384 rebus
704 1325 865 1383 minor-dms
875 1320 961 1406 (nam
974 1323 1191 1393 emendationes
1203 1340 1280 1399 qne·

154 1436 191 1495 lis
212 1443 259 1495 est
279 1431 307 1508 6,
325 1430 376 1494 15.
398 1436 465 1493 urbe
487 1437 636 1493 ducentum
655 1436 864 1510 quinquaqinta
882 1436 964 1492 milio
977 1450 1087 1510 possus
1104 1433 1281 1492 mmmmm

155 1547 273 1605 cumam
299 1563 353 1620 pro
377 1543 503 1618 vulgato
523 1545 592 1602 urbe
614 1544 781 1604 Colchorum
798 1545 992 1603 Dioscuriade
1015 1541 1167 1601 rarissime
1189 1542 1223 1601 in
1244 1561 1281 1600 eo

153 1653 359 1725 inveniuntur,
391 1659 462 1712 nato
485 1653 546 1713 illic
570 1671 670 1712 errore
694 1671 733 1711 ex
756 1653 862 1711 litteris
889 1653 970 1712 001:
994 1652 1072 1710 mele
1094 1643 1281 1731 intellectis),

153 1764 269 1823 Ianus
283 1772 383 1822 tamen
394 1764 471 1823 bone
485 1763 565 1836 iecit,
579 1764 659 1840 quod
672 1762 740 1821 illas
754 1762 818 1820 eins
831 1767 932 1836 partes
946 1760 1083 1838 inspexit,
1105 1779 1174 1819 cum
1192 1767 1225 1820 et
1240 1761 1283 1821 ed

155 1872 295 1955 originem
308 1872 441 1931 lectionis
455 1872 594 1948 vulgatae
608 1872 840 1948 cognoscendum
854 1871 894 1930 sit
913 1871 995 1930 utilis
1013 1876 1045 1928 et
1062 1871 1175 1929 multos
1192 1869 1282 1930 haim

153 1981 247 2058 ipsius
266 1980 402 2039 lectionis
422 1980 562 2057 vulgatae
580 1980 662 2039 locos
682 1978 899 2056 suffragio'suo
920 1981 1101 2056 comprobet,
1122 1980 1176 2054 qui
1192 1981 1227 2039 in
1247 1993 1284 2041 aa

155 2089 471 2164 emendatiores-quam
484 2089 517 2147 in
531 2090 636 2149 ceteris
649 2090 797 2164 legantur.
1231 2116 1237 2124 ·

195 2198 317 2258 Praeter
336 2199 391 2259 hos
410 2199 523 2257 codices
539 2198 649 2257 Iunas
668 2200 757 2257 etiam
770 2199 925 2258 editionem
938 2198 1028 2257 Plinii
1040 2196 1236 2258 Parmensem
1248 2198 1284 2258 in

154 2306 331 2367 bibliotheca
348 2306 521 2366 Monacensi
540 2312 692 2367 servatam
710 2309 846 2384 inspexit,
868 2279 951 2366 cuius
971 2308 1152 2383 marginibus
1169 2305 1284 2368 Petras

153 2416 304 2477 Victorias
332 2418 443 2477 multas
470 2423 556 2476 notes
584 2419 732 2494 adspersit
755 2420 794 2476 ab
817 2417 869 2474 illo
894 2417 934 2475 ad
958 2415 1067 2475 librum
1092 2416 1165 2476 VH.
1189 2416 1283 2478 vm.

153 2524 498 2586 mli-XXXVII.
519 2535 683 2604 excerptas.
709 2525 772 2584 Eae
791 2527 901 2602 partim
918 2525 1024 2586 litteris
1044 2529 1111 2586 abc
1128 2535 1283 2600 notantur,

152 2635 262 2710 purtim
286 2635 332 2692 his
356 2637 435 2693 notis
461 2643 570 2694 carent.
603 2636 641 2693 In
657 2635 717 2695 illis
738 2637 830 2694 latere
848 2636 983 2694 codicum
1002 2635 1090 2694 trium
1116 2636 1283 2712 scripturus

153 2743 288 2801 dubitare
308 2761 368 2802 non
388 2742 467 2815 lieet,
487 2752 518 2801 et
536 2744 584 2801 hic
604 2744 665 2802 illic
679 2745 843 2803 Victoriam
861 2744 970 2802 librum
988 2743 1216 2804 Rioonrdianum
1234 2746 1284 2806 in·

153 2852 284 2930 spexisse
304 2868 463 2939 consensus
488 2851 647 2910 lectionum
671 2853 755 2912 docet
780 2840 857 2933 (vid.
883 2854 1017 2929 inprimis
1041 2854 1110 2913 hliri
1136 2853 1282 2914 XXXII.

152 2955 300 3044 initium);
326 2961 377 3020 sed
397 2978 457 3021 non
482 2979 552 3020 rara
573 2962 660 3020 etiam
682 2980 751 3020 suas
768 2962 832 3039 ipse
854 2964 1033 3022 coniecturas
1054 2963 1208 3028 Victorias
1227 2966 1284 3025 ed·

153 3073 280 3149 scripsit,
295 3073 339 3130 uti
353 3067 485 3146 3257,
500 3072 551 3131 ubi
568 3090 624 3148 pro
637 3090 673 3131 eo
687 3073 767 3147 quod
781 3090 798 3130 e
812 3071 936 3132 Barbari
949 3074 1117 3133 coniectura
1135 3093 1155 3132 a
1172 3075 1282 3135 codici-

95 3216 112 3245 ι
153 3184 210 3241 bus
230 3183 432 3241 commendata
450 3184 561 3261 legitur
575 3186 797 3260 opocarpathum
809 3182 937 3263 Victorii
958 3201 1061 3258 margo
1082 3184 1171 3244 hebet
1184 3189 1283 3262 opium

158 3292 310 3366 Tepulam·
335 3291 405 3349 hinc
429 3310 496 3350 cum
520 3310 629 3367 magne
653 3294 788 3352 cautione
807 3293 853 3351 his
878 3294 1030 3370 scripturis
1056 3301 1103 3353 est
1126 3296 1281 3355 utendum.

152 3396 230 3455 Pars
250 3416 321 3456 vero
341 3397 460 3457 illorum
479 3409 684 3475 excerptorum
704 3401 762 3460 iam
776 3411 844 3462 ante
857 3402 987 3462 Ianum
1005 3403 1125 3462 aliunde
1144 3404 1282 3465 innotue-

153 3513 215 3576 rut3
242 3525 271 3564 v.
292 3506 330 3564 ed
349 3503 385 3578 8,
409 3502 480 3567 156.
508 3504 547 3567 17
556 3551 566 3580 ,
583 3503 633 3568 55.
661 3506 717 3581 18,
734 3507 806 3571 143.
833 3506 978 3584 19,135.
1004 3508 1062 3587 34,
1078 3508 1130 3572 23.
1151 3507 1204 3572 37.
1226 3510 1281 3576 45.

153 3610 207 3690 35,
226 3611 297 3676 148.
453 3634 457 3641 ’

196 3723 298 3785 Codex
315 3727 535 3788 Vindoboueusis
547 3722 615 3809 (O),
630 3732 710 3806 apud
723 3731 934 3791 Endlicherum
944 3729 1135 3793 OOXXXV.
1150 3753 1181 3810 p.
1194 3729 1281 3809 135,

154 3851 255 3894 omues
273 3829 366 3894 libros
386 3837 476 3896 Plinii
496 3839 634 3912 continet,
654 3840 684 3898 in
703 3842 881 3900 membranis
899 3840 995 3901 forma
1013 3843 1142 3901 maxima
1160 3843 1282 3902 saeculo

153 3945 227 4005 XV.
243 3965 262 4004 a
275 3945 420 4006 Nicholao
433 3947 518 4008 Rioio
533 3947 658 4026 Spinoso
679 3951 815 4028 scriptus.
839 3951 938 4011 Huius
952 3952 1073 4025 codicis,
1093 3971 1181 4027 quem
1194 3951 1283 4012 Leu-

153 4055 279 4114 sentiani
304 4074 395 4132 supra
415 4058 554 4135 descripti
564 4060 775 4137 ‚apographum
800 4079 864 4120 esse
885 4072 982 4120 censet
1002 4061 1215 4136 Endliohsrns,
1241 4063 1282 4122 li·

154 4166 239 4223 hrum
250 4163 420 4227 XXXVII.
437 4186 502 4228 oum
517 4169 616 4245 priore
627 4169 772 4229 Harduini
786 4170 910 4230 editione
924 4171 993 4231 anni
1005 4166 1098 4234 1683.
1114 4173 1282 4233 contulerat
