2714 4710
43 336 76 376 VI
505 335 694 378 rusurensi).

41 503 121 558 rem,
144 488 208 563 ipse
227 505 304 544 unus
323 488 454 545 omnium
472 507 606 548 meorum
625 490 768 547 librorum
787 485 818 559 2,
834 482 906 546 230.
928 488 1017 545 habet
1037 487 1159 556 Penius,
1260 545 1265 557 ,

39 604 120 685 recte
139 595 313 655 confirmans
331 597 484 656 lectionem
507 594 523 678 β
533 615 542 668 ;
564 599 670 657 melius
689 617 779 672 quam
798 598 920 672 vulgata
939 596 1087 671 scriptura
1100 582 1182 654 Pa'

40 726 110 766 aeus
133 724 150 765 e
173 702 319 764 codicibus
337 704 464 765 Barbari
487 706 594 766 hausta
617 707 702 766 docet
725 708 777 766 illa
801 706 945 781 originem
971 724 1105 765 errorum
1128 704 1161 763 in

39 794 175 874 omnibus
195 814 315 889 reliquis
335 816 482 876 codicibus
500 818 687 893 regnantium
702 819 820 894 peretur
834 817 882 874 vel
896 817 1040 891 poenitus.
1070 810 1160 872 Simi-

38 925 105 984 liter
119 921 154 997 2,
170 919 244 983 232.
264 943 342 983 unus
360 927 454 985 codex
470 927 503 985 A
521 936 600 986 recte
619 929 711 986 habet
728 931 799 1004 sous
824 929 925 1001 terque
943 925 1109 984 ‘intumescit
1126 941 1161 983 oc

39 1036 151 1106 residit,
172 1035 251 1108 quod
269 1054 326 1093 usu
339 1033 476 1095 Pliniano
496 1038 718 1114 comprobatum
738 1036 843 1095 ceteris
862 1035 1038 1094 lectionibus
1056 1034 1162 1093 resedit

39 1143 89 1203 vel
102 1146 207 1204 residet
220 1144 455 1221 praeferendum.
483 1145 666 1222 scripturam
681 1146 941 1221 Dalecampianem
961 1153 991 1202 et
1008 1143 1162 1218 vulgatam

40 1249 432 1314 Harduino-Broterianam
452 1273 470 1332 γ
489 1274 567 1315 unus
592 1257 644 1315 illc
669 1273 772 1314 rursus
796 1256 950 1313 confirmat
966 1249 998 1326 4,
1013 1249 1065 1312 24.
1086 1271 1161 1330 por·

40 1375 87 1424 tus
101 1411 144 1423 ..
157 1363 278 1424 Athenis
300 1368 400 1436 iuncti,
421 1366 472 1424 ubi
492 1366 597 1440 reliqui
618 1367 677 1424 duo
699 1366 751 1439 qui
770 1365 842 1422 mihi
860 1364 899 1422 ad
919 1379 1024 1421 manns
1041 1360 1163 1420 luerunt

40 1473 109 1532 libri
123 1473 178 1532 Rd
197 1474 274 1532 male
293 1475 430 1533 exhrlrent
448 1477 563 1545 iuncus,
584 1475 663 1549 quod
681 1483 779 1532 ortum
798 1491 864 1532 esse
878 1492 916 1531 ex
928 1471 1162 1530 homoeoteleuto

40 1582 191 1658 proximae
214 1583 295 1641 voois
319 1601 406 1641 nemo
423 1602 482 1641 non
508 1584 597 1642 videt.
631 1583 685 1643 Uti
702 1590 800 1642 tamen
820 1583 873 1641 vix
897 1582 987 1640 ullius
1013 1579 1163 1657 scriptoris

41 1692 134 1751 codex
151 1692 315 1764 invenitur,
341 1693 393 1767 qui
410 1710 533 1769 prorsus
556 1694 595 1752 sit
612 1693 749 1753 immunis
770 1693 808 1749 ab
829 1691 909 1749 omni
928 1690 1162 1766 interpolatione,

40 1801 81 1860 ita
95 1806 125 1859 et
140 1802 232 1859 codex
245 1801 277 1859 A
291 1800 347 1860 hoc
360 1803 427 1860 lube
440 1821 500 1860 non
513 1804 551 1861 ab
566 1803 645 1860 omni
660 1808 745 1877 perte
764 1809 810 1859 cst
826 1800 913 1871 liber,
932 1818 992 1857 non
1009 1799 1089 1874 quod
1106 1799 1163 1858 bo·

36 1927 114 1968 num
133 1910 196 1968 eius
215 1910 368 1968 hlrrarium
389 1911 448 1968 tale
466 1912 538 1986 quid
557 1913 720 1986 suscepisse
738 1919 857 1987 putem,
880 1909 932 1967 sed
949 1909 1028 1984 quod
1048 1907 1163 1968 dosori-
1262 1935 1267 1939 ·
1353 1938 1356 1950 ·

41 2027 111 2094 ptus
135 2027 181 2075 est
205 2019 340 2077 ocodioe
364 2020 423 2076 iam
448 2021 633 2096 interpolato.
666 2013 715 2078 Ita
735 2017 766 2091 2,
782 2014 855 2078 234.
877 2037 943 2077 oum
968 2017 1066 2076 oodioe
1090 2017 1110 2073 d
1134 2025 1166 2074 et
1262 2047 1264 2050 >
1355 2091 1356 2098 ἵ

41 2127 217 2186 editionibus
233 2122 273 2207 βγ
293 2147 331 2184 ex
350 2128 573 2204 interpolatione
593 2129 706 2188 librarii
726 2128 851 2189 alicuius
872 2128 952 2186 dedit
964 2128 1094 2202 Iamque,
1111 2125 1166 2183 ubi

40 2236 155 2294 codices
169 2236 256 2295 ceteri
270 2253 371 2296 omnes
386 2237 517 2314 numque
531 2238 679 2310 exhibent,
699 2240 779 2321 quod
797 2238 866 2295 usui
879 2235 970 2294 Plinii
988 2237 1019 2294 in
1038 2235 1166 2324 transitu

39 2348 77 2404 ab
91 2345 151 2403 alia
168 2360 202 2404 re
220 2346 259 2403 ad
272 2346 360 2404 aliam
378 2347 458 2405 haud
478 2366 547 2409 raro
562 2347 724 2406 duriusculi
738 2347 854 2420 egregie
873 2347 1039 2423 respondet.
1065 2342 1167 2405 Maior

39 2455 236 2535 interpolatio,
259 2473 336 2530 quae
350 2457 458 2533 partim
479 2466 508 2515 et
520 2457 551 2514 in
566 2458 639 2515 alios
653 2457 765 2515 codices
779 2456 907 2532 irrepsit,
925 2432 1053 2514 fortasse
1066 2461 1167 2513 exstat

40 2559 71 2634 5,
93 2559 176 2636 133.,
197 2565 249 2624 ubi
268 2585 323 2640 pro
345 2585 379 2624 eo
401 2567 480 2641 quod
501 2586 539 2624 ex
553 2567 618 2624 aliis
640 2567 787 2625 codicibus
802 2566 913 2624 dudum
932 2574 978 2624 est
996 2565 1166 2622 restitutum

40 2676 107 2732 otim
121 2673 254 2749 Nisyros,
276 2676 369 2734 codex
382 2675 415 2733 A
440 2695 549 2734 novam
568 2677 695 2735 insulam
714 2676 798 2750 fingit
811 2677 941 2735 Elimeia
954 2675 1055 2751 Syros,
1074 2691 1167 2749 quam

40 2790 138 2842 temen
152 2781 425 2843 Schneidewini
447 2786 614 2843 coniectura
634 2778 680 2863 (v.
702 2779 875 2865 comment.)
894 2801 953 2842 non
973 2785 1036 2842 sins
1054 2783 1166 2857 proba-

40 2891 161 2950 bilitatis
183 2893 279 2967 specie
297 2893 436 2952 vindicet.
471 2891 744 2970 splendidissimam
764 2914 836 2952 vero
849 2893 1105 2971 interpolationem
1118 2892 1167 2951 vi·
1275 2926 1277 2930 ·
1353 2866 1356 2873 ,

41 3002 144 3061 demus
161 2995 191 3074 5,
208 2998 249 3075 2.,
264 3003 315 3060 ubi
336 3020 391 3079 pro
407 3021 442 3062 eo
456 3005 535 3079 quod
549 3004 689 3062 editiones
703 3010 733 3062 et
746 3004 815 3063 boni
829 3005 942 3062 codices
955 3003 1065 3061 habent
1080 3003 1168 3061 ctaa·
1232 3028 1237 3037 ¹
1347 3070 1352 3093 .,

41 3115 106 3183 dio,
134 3113 166 3171 in
186 3113 283 3171 codice
300 3112 334 3172 A
351 3124 461 3174 centum
481 3117 690 3190 quinquaqinta
708 3116 788 3173 milia
810 3112 935 3189 legitur,
962 3112 1014 3187 qui
1030 3110 1168 3169 immonis

42 3240 124 3279 error
143 3223 290 3297 quomodo
312 3227 395 3280 ortus
416 3223 462 3293 sit,
485 3223 572 3280 docet
590 3222 685 3280 codex
704 3222 745 3294 D,
766 3223 798 3280 in
816 3240 876 3297 quo
894 3223 927 3281 0.
941 3223 981 3280 L.
1000 3221 1167 3290 invenitnr3

42 3331 206 3406 comparari
225 3330 282 3388 hoe
300 3317 398 3406 potest
419 3349 486 3390 cum
503 3332 730 3406 interpolatione
747 3333 866 3390 clemens
882 3326 932 3404 33,
950 3325 1022 3390 145.
1042 3331 1074 3388 in
1088 3329 1168 3389 eodi-

42 3440 125 3500 cibus
139 3437 212 3497 VR.
234 3438 359 3497 Illarum
378 3439 637 3515 interpolationum
657 3448 808 3500 auctorem
826 3440 953 3499 fortasse
966 3418 1168 3516 deprehendes

43 3569 82 3607 ex
99 3548 164 3625 ipso
186 3546 243 3606 hoc
262 3548 353 3620 libro,
375 3550 406 3606 in
428 3567 487 3623 quo
508 3568 584 3625 pone
604 3551 714 3612 librum
733 3551 790 3609 IV.
812 3551 952 3625 leguntur
969 3551 1043 3607 haec
1060 3547 1168 3608 verbor

43 3659 184 3720 Feliciter
211 3659 314 3718 Ionius
334 3660 508 3718 Locrenses
532 3653 605 3741 (sio)
635 3663 739 3737 releqi,
768 3660 847 3735 quod
872 3679 979 3718 nomen
1002 3678 1041 3717 ex
1063 3658 1169 3717 Iunius

42 3769 156 3828 Lucius
180 3767 356 3828 Aurelianus
386 3777 556 3846 corruptum
587 3789 653 3829 esse
681 3768 920 3830 Schneidewinus
948 3774 1043 3845 putat.
1072 3766 1170 3824 Tran-

43 3879 156 3955 scripte
174 3876 246 3936 haec
266 3897 332 3936 esse
351 3898 370 3936 a
387 3877 509 3938 librario
530 3880 636 3938 codicis
655 3878 687 3936 A
707 3898 745 3937 ex
763 3881 923 3958 archetypo
945 3885 1069 3937 nonest
1088 3877 1170 3952 quod

42 3988 225 4061 dubitemus,
244 3988 375 4064 illudque
395 4008 501 4048 nomen
521 3986 738 4048 Schneidewini
754 3988 843 4048 indici
863 3989 1095 4064 subscriptorum
1113 3986 1169 4044 ed-

41 4082 192 4166 dendum3
220 4098 287 4157 vido
312 4098 399 4157 huius
423 4099 557 4175 prolegg.
582 4099 622 4157 ad
644 4098 812 4158 Martialem
832 4117 863 4174 p.
888 4097 1002 4158 CVIII.
1024 4117 1070 4174 sq.
1098 4094 1169 4156 coll.

41 4195 182 4268 Lerschii
207 4208 408 4268 dissertatione
432 4208 463 4266 in
482 4210 523 4266 M
524 4216 643 4268 uicum
668 4211 717 4269 des
742 4206 1170 4285 stertet-Wcsrptetiscten

40 4317 364 4378 Seiutmctnneroereins
378 4316 436 4376 ΠΙ.
452 4312 524 4377 229.
540 4336 604 4394 sqq.
699 4371 703 4377 .
