2714 4710
180 272 241 333 172
524 286 728 335 narnensis
749 287 943 335 msronmn

179 461 287 502 suram
308 439 460 502 avaritiae
484 461 560 502 suae
580 436 817 524 propagaverit,
844 459 941 521 quam
962 437 1092 502 tandem
1111 438 1286 522 portionem

178 539 249 603 eius
271 538 442 603 defunctus
462 536 620 623 optineatl

221 637 352 704 LXIX.
387 639 437 703 69.
465 636 607 701 Mediam
634 659 705 701 esse
732 636 843 702 mundi
869 638 966 706 totius
986 638 1065 702 haut
1086 636 1196 703 dubiis
1217 661 1286 704 con-
1299 656 1336 702 its

177 749 242 802 stat
278 738 474 825 argumentis
511 737 569 803 sed
602 737 774 803 clarissime
805 739 984 822 aequinocti
1018 737 1152 823 paribus
1190 737 1286 816 horis3

178 861 252 902 nam
272 839 333 902 nisi
353 839 387 902 in
407 839 513 903 medio
534 848 630 915 esset,
653 839 803 921 aequales
824 838 894 903 dies
915 848 1088 922 noctesque
1103 837 1215 904 haberi
1228 862 1288 918 non

177 950 317 1023 possent.
352 938 644 1024 Deprehendenmt
665 953 697 1003 et
718 940 873 1024 dioptrae,
900 961 984 1023 quse
1010 940 1063 1004 vel
1088 960 1238 1003 maxume
1257 939 1289 1002 id

176 1037 375 1116 confirmant,
405 1062 479 1103 oum
499 1038 722 1121 aequinoctiali
745 1048 887 1123 tempore
909 1061 950 1103 ex
971 1038 1084 1104 eadem
1104 1037 1182 1102 linia
1201 1048 1289 1102 orma

177 1161 375 1224 occasusque
411 1150 575 1216 cernatur,
608 1137 764 1203 solstitiali
796 1148 925 1203 exortus
957 1160 1015 1222 per
1048 1159 1138 1202 suam
1171 1137 1289 1216 liniam,

178 1239 316 1304 brumali
337 1262 481 1305 occasus.
510 1237 604 1318 Quae
625 1238 772 1302 accidere
793 1238 994 1303 nullomodo
1015 1247 1158 1321 possent,
1180 1237 1241 1302 nisi
1259 1238 1291 1301 in

179 1350 290 1405 centro
312 1341 373 1405 sita
395 1351 489 1405 esset.

222 1438 337 1504 LXX.
373 1441 424 1503 70.
454 1439 536 1503 Tres
557 1450 664 1503 autem
691 1438 800 1503 circuli
828 1460 927 1523 supra
946 1437 1041 1501 dictis
1062 1437 1152 1501 zonis
1173 1436 1291 1522 inplexi
1304 1457 1330 1502 17

178 1540 420 1623 inaequalitates
442 1552 619 1624 temporum
641 1538 829 1625 distingunt,
851 1537 1025 1602 solstitialis
1046 1559 1065 1599 a
1085 1531 1291 1622 partesigni·

181 1641 242 1706 ieri
268 1640 485 1707 excelsissima
512 1640 605 1705 nobis
636 1639 678 1702 ad
710 1639 989 1724 septentrionalem
1020 1636 1150 1722 plagam
1183 1657 1293 1701 versus

180 1753 354 1824 contraque
375 1741 419 1805 ad
439 1740 537 1807 alium
557 1741 666 1824 polum
686 1740 849 1817 brumalis,
876 1739 952 1803 item
978 1735 1085 1802 medio
1105 1735 1228 1803 ambitu
1249 1736 1291 1801 si·

179 1840 297 1926 gniferi
320 1839 405 1904 orbis
427 1840 579 1904 incedens
601 1839 853 1921 aequinoctialis.

224 1941 275 2002 71.
296 1938 504 2021 Reliquorum
527 1961 609 2022 quae
630 1938 783 2004 miramur
798 1961 894 2004 causa
908 1938 941 2001 in
955 1937 1057 2023 ipsius
1073 1947 1178 2003 terrae
1189 1938 1293 2023 figura

180 2050 241 2117 est,
264 2062 360 2123 quam
381 2039 477 2127 globo
498 2039 633 2104 similem
655 2049 687 2103 et
708 2062 781 2104 oum
803 2061 841 2104 ea
854 2061 955 2122 aquas
969 2038 1084 2103 iisdem
1098 2037 1293 2123 intellegitur

179 2140 386 2225 argumentis.
410 2136 466 2204 Sic
488 2138 572 2202 enim
592 2138 630 2201 fit
650 2138 728 2203 haut
750 2138 846 2203 dubie
867 2149 905 2202 ut
925 2137 1016 2204 nobis
1037 2136 1293 2221 septentrionalis

180 2241 295 2327 plagae
324 2241 429 2304 sidera
454 2261 629 2321 numquam
654 2238 816 2316 occidant,
844 2249 952 2304 contra
976 2237 1172 2302 meridianae
1200 2259 1292 2301 uum·

180 2364 278 2425 quam
300 2342 451 2419 numum,
473 2361 647 2423 rursusque
668 2338 747 2404 haec
768 2339 830 2404 illis
852 2362 915 2405 non
936 2348 1107 2403 cernantur
1127 2336 1292 2402 attollente

182 2466 217 2505 se
245 2453 355 2506 contra
380 2442 503 2506 medios
528 2441 616 2504 visus
645 2449 800 2504 terrarum
825 2439 930 2527 globo.
967 2436 1210 2524 Septentriones
1230 2459 1316 2502 noni

180 2541 283 2604 cernit
303 2541 518 2626 Trogodytice
541 2549 574 2602 et
594 2539 727 2603 confinis
742 2539 925 2625 Aegyptus,
947 2561 1007 2603 nec
1030 2561 1188 2624 canopum
1200 2537 1293 2603 Italia

181 2651 215 2704 et
237 2661 331 2722 quem
353 2649 468 2702 vocant
488 2637 660 2704 Berenices
681 2639 812 2717 crinem,
834 2640 912 2704 item
933 2662 1029 2722 quem
1050 2639 1110 2704 sub
1132 2639 1208 2704 divo
1222 2636 1292 2701 Au·

215 2809 230 2870 §
250 2813 304 2860 its
328 2823 391 2869 csse,
408 2809 473 2859 aad
490 2807 620 2871 (Robert.)
643 2804 875 2871 esseterram,81.
899 2851 930 2861 .-
954 2811 1125 2871 satiaruut
1149 2849 1182 2859 -
1204 2817 1293 2858 conam

181 2885 273 2928 terram
285 2894 346 2943 (ινφ,
358 2879 462 2928 Robert.
482 2917 513 2926 ..
530 2876 676 2939 clarissime,
688 2896 711 2928 a.
734 2879 879 2940 clarissimo,
901 2879 994 2928 RTdr
1010 2874 1140 2939 (Robcrt.)
1160 2916 1192 2926 ..
1210 2875 1290 2939 cepti·

181 2947 250 3006 nocti,
270 2947 314 2996 3¹.
334 2984 364 2994 ..
382 2954 454 3005 essct,
476 2945 556 2994 omitt.
577 2947 660 2995 R'a'.
679 2985 711 2994 ..
729 2961 782 3008 qne,
803 2962 852 2995 om.
873 2947 923 2996 R¹.
942 2986 974 2994 ..
992 2943 1099 3005 iaceret,
1119 2945 1169 2993 R'.
1196 2940 1292 3001 labere,

180 3015 285 3064 Robcrt.
304 3053 334 3061 ..
350 3020 459 3076 possent,
470 3013 501 3062 11
517 3029 596 3076 posse,
609 3014 646 3061 ad
658 3008 788 3074 (Robert.)
804 3008 855 3075 βγ.
877 3053 909 3062 ..
928 3010 1159 3076 Deprehenderant‚
1175 3010 1221 3058 12².
1242 3009 1293 3059 Dc·

179 3078 335 3144 pretendere,
348 3078 463 3129 TR¹a¹.
485 3077 705 3143 Depreleudcreat,
718 3084 753 3129 a2.
765 3076 963 3142 Deprehendcri‚
979 3080 1003 3128 d.
1024 3075 1261 3140 Deprehendcretar,
1277 3087 1295 3121 a

181 3143 311 3207 (Robcrt.)
330 3185 361 3193 -
380 3145 415 3206 id,
427 3149 463 3194 a2.
482 3155 514 3206 at,
527 3148 551 3194 d.
569 3146 656 3196 Omitt.
668 3147 732 3196 Ra¹.
751 3186 783 3194 ..
800 3162 860 3206 cam,
872 3147 949 3196 R'2a2.
972 3153 1003 3206 ct,
1018 3145 1106 3194 R¹a¹.
1129 3159 1184 3191 cum
1200 3151 1230 3204 ct,
1242 3142 1292 3192 Ta.

182 3253 212 3259 -
231 3221 345 3260 cernatur
364 3250 394 3257 ..
416 3210 484 3267 Quae
499 3214 580 3262 omitt.
597 3214 682 3262 R¹a¹.
701 3253 733 3262 ...
755 3210 879 3262 solstitiali
892 3219 997 3273 exortus,
1008 3214 1032 3260 d.
1058 3209 1185 3260 solstitiali
1204 3216 1293 3268 acria,

181 3279 245 3326 Ta².
269 3275 401 3324 solstitiali
414 3295 509 3340 occasu,
526 3281 571 3328 1³².
593 3277 735 3329 solstitialis
747 3288 853 3339 exortas,
864 3274 915 3342 βγ.
943 3318 974 3327 -
1001 3275 1292 3337 immolioceassa,a²d

181 3342 297 3391 brumalis
309 3359 465 3408 occasusque,
477 3347 542 3395 R20.
569 3346 685 3396 brumalis
697 3363 807 3406 occasus,
830 3346 862 3393 T.
891 3344 1055 3408 brumalisque
1078 3359 1175 3404 occasrq
1189 3337 1240 3407 βγ.
1263 3381 1292 3390 ..

180 3418 247 3467 esset,
265 3412 300 3457 al.
314 3409 402 3459 Omitt.
415 3412 530 3461 Titan.

215 3473 299 3534 §ltu
318 3485 402 3536 ostem,
420 3479 473 3527 Rd.
499 3472 612 3536 ai‚a(in
622 3475 760 3538 rasura)-
782 3475 927 3541 distingunt,
939 3479 971 3528 11.
994 3517 1026 3526 ..
1048 3475 1172 3540 sipnderi,
1189 3478 1240 3526 3¹.
1264 3515 1292 3524 -

181 3541 350 3603 excellissima,
370 3545 414 3593 R¹.
442 3583 473 3592 ..
497 3543 585 3606 polam,
605 3558 656 3591 om.
676 3545 713 3592 α’.
731 3583 763 3592 -
782 3544 904 3610 signiferi,
925 3561 941 3594 a
961 3541 1091 3606 (Robert.)
1116 3543 1232 3608 signifer,
1249 3544 1292 3592 ds.

180 3608 307 3675 siqniserq
319 3612 363 3660 R'2.
375 3611 449 3661 Hanc
460 3624 549 3656 vocem
561 3624 619 3656 cum
631 3611 727 3659 duabus
738 3614 899 3672 sequentibus
912 3628 961 3660 om.
975 3613 1019 3661 R¹.
1034 3651 1065 3660 ..
1083 3611 1129 3672 bis,
1144 3612 1250 3660 Robert.
1262 3648 1291 3658 ..

181 3676 301 3737 incidens,
313 3676 352 3726 a¹.
371 3673 521 3733 descendens,
533 3676 576 3724 R².
591 3713 621 3722 ..
640 3692 730 3738 aquas,
742 3679 779 3726 ad
790 3675 921 3740 (Robert.)
939 3695 1036 3741 aquam,
1047 3690 1088 3725 ra.
1107 3694 1185 3740 aqua,
1196 3677 1221 3727 11
1232 3673 1294 3737 (uua

179 3744 263 3792 littera
282 3759 349 3806 pone
366 3744 447 3805 ipsam
465 3756 554 3790 vocem
575 3739 667 3802 erasa.)
689 3743 827 3793 stciactam
839 3746 923 3807 cquis,
940 3745 1041 3794 Waleh.
1057 3745 1090 3793 ad
1105 3743 1189 3793 Tacit
1208 3742 1293 3806 agric

180 3825 203 3872 p.
218 3815 274 3859 205.
293 3850 324 3859 -
344 3808 481 3868 meridiane,
493 3809 537 3857 112Ι
556 3808 758 3869 meridionalia
778 3850 808 3858 -
828 3827 861 3872 se,
874 3813 899 3861 R
910 3808 950 3871 (in
962 3808 1038 3873 corr.)
1057 3850 1087 3858 -
1107 3809 1142 3870 vi,
1154 3812 1180 3860 11
1189 3812 1203 3858 ¹.

214 3878 298 3939 §lia
326 3875 586 3939 septemtrionalem.
613 3875 749 3939 Sequentia
769 3878 901 3942 exscripsit
920 3878 1038 3927 Martias.
1060 3876 1123 3939 Gap.
1145 3882 1170 3937 6,
1188 3882 1245 3926 893.
1264 3915 1293 3923 ..

180 3952 324 4002 ternanta.
344 3982 375 3990 ..
397 3941 652 4007 Trogodytica'rad.
675 3941 842 4008 Tropodityce‚
859 3947 903 3994 R².
930 3941 1096 4008 Trocoditpes,
1117 3944 1169 3992 R¹.
1196 3941 1222 3991 T
1219 3942 1294 4005 raple-

181 4007 264 4069 dytice,
275 4005 326 4072 βγ.
344 4009 419 4058 ssiam
431 4025 489 4058 vero
502 4011 651 4073 scripturam
662 4011 824 4060 disertissimo
838 4012 993 4074 optimorum
1003 4011 1088 4069 Plinii,
1100 4009 1193 4070 solini,
1204 4009 1295 4066 Melae,

180 4075 269 4124 Isidori
286 4075 401 4124 codicum
412 4078 557 4126 testimonio
570 4078 702 4126 adstruunt
713 4078 835 4127 Letronn.
848 4079 874 4126 in
890 4079 1039 4128 recherches
1055 4093 1098 4126 sur
1113 4077 1201 4128 Dicuil
1217 4091 1243 4139 p.
1256 4079 1269 4125 7
1273 4078 1294 4124 i.

180 4135 299 4201 (laudans
316 4141 481 4192 ciacconium
497 4145 530 4192 sal
545 4143 605 4192 Mel.
619 4144 639 4191 Ι.
657 4149 681 4202 8,
693 4150 733 4192 43.
751 4153 776 4194 ct
788 4144 930 4194 Tzschnck.
943 4147 975 4194 ad
987 4147 1061 4193 eund.
1073 4145 1095 4192 1.
1108 4149 1132 4204 4,
1145 4141 1184 4205 4.)
1200 4151 1226 4193 et
1240 4142 1293 4192 Ian.

181 4210 213 4256 ad
233 4206 299 4256 Plin.
320 4222 344 4270 p.
365 4213 422 4259 487.
444 4218 470 4259 et
480 4209 507 4256 in
519 4209 579 4258 diar.
600 4209 677 4271 antiq.
701 4214 773 4261 1837.
795 4225 831 4260 nr.
844 4216 885 4261 85.
897 4227 921 4274 p.
935 4217 991 4260 693.
1012 4250 1042 4259 ..
1061 4209 1184 4275 Aepiptca
1196 4211 1244 4261 13¹.
1263 4246 1295 4256 .-
