<?xml version="1.0" encoding="UTF-8"?>
<!DOCTYPE html PUBLIC "-//W3C//DTD XHTML 1.0 Transitional//EN"
    "http://www.w3.org/TR/xhtml1/DTD/xhtml1-transitional.dtd">
<html xmlns="http://www.w3.org/1999/xhtml" xml:lang="en" lang="en">
 <head>
  <title>
</title>
<meta http-equiv="Content-Type" content="text/html;charset=utf-8" />
  <meta name='ocr-system' content='tesseract 3.04.00' />
  <meta name='ocr-capabilities' content='ocr_page ocr_carea ocr_par ocr_line ocrx_word'/>
</head>
<body>
  <div class='ocr_page' id='page_1' title='image "./cplinisecundina00grongoog_0449.png"; bbox 0 0 2714 4710; ppageno 0'>
   <div class='ocr_carea' id='block_1_1' title="bbox 462 294 1233 358">
    <p class='ocr_par' dir='ltr' id='par_1_1' title="bbox 462 294 1233 358">
     <span class='ocr_line' id='line_1_1' title="bbox 462 294 1233 358; baseline -0.001 -2"><span class='ocrx_word' id='word_1_1' title='bbox 462 311 531 357; x_wconf 79' lang='lat' dir='ltr'>nm.</span> <span class='ocrx_word' id='word_1_2' title='bbox 550 313 583 356; x_wconf 90' lang='lat' dir='ltr'>v.</span> <span class='ocrx_word' id='word_1_3' title='bbox 615 311 692 357; x_wconf 78' lang='lat' dir='ltr'>oar.</span> <span class='ocrx_word' id='word_1_4' title='bbox 708 314 730 358; x_wconf 92' lang='lat'>1.</span> <span class='ocrx_word' id='word_1_5' title='bbox 762 310 859 358; x_wconf 83' lang='lat' dir='ltr'>snor.</span> <span class='ocrx_word' id='word_1_6' title='bbox 876 315 893 354; x_wconf 89' lang='lat'>1.</span> <span class='ocrx_word' id='word_1_7' title='bbox 1172 294 1233 355; x_wconf 84' lang='lat'>337</span> 
     </span>
    </p>
   </div>
   <div class='ocr_carea' id='block_1_2' title="bbox 89 457 1333 2158">
    <p class='ocr_par' dir='ltr' id='par_1_2' title="bbox 89 457 1333 2158">
     <span class='ocr_line' id='line_1_2' title="bbox 111 457 1234 543; baseline 0.001 -18"><span class='ocrx_word' id='word_1_8' title='bbox 111 458 301 525; x_wconf 79' lang='lat' dir='ltr'>excelsitate</span> <span class='ocrx_word' id='word_1_9' title='bbox 335 457 466 541; x_wconf 90' lang='lat' dir='ltr'>quidem</span> <span class='ocrx_word' id='word_1_10' title='bbox 498 458 567 524; x_wconf 89' lang='lat' dir='ltr'>eius</span> <span class='ocrx_word' id='word_1_11' title='bbox 599 481 682 543; x_wconf 89' lang='lat' dir='ltr'>quae</span> <span class='ocrx_word' id='word_1_12' title='bbox 711 458 830 536; x_wconf 84' lang='lat' dir='ltr'>ceteri,</span> <span class='ocrx_word' id='word_1_13' title='bbox 864 458 944 522; x_wconf 91' lang='lat' dir='ltr'>imas</span> <span class='ocrx_word' id='word_1_14' title='bbox 973 457 1096 524; x_wconf 77' lang='lat' dir='ltr'>radices</span> <span class='ocrx_word' id='word_1_15' title='bbox 1126 457 1234 525; x_wconf 86' lang='lat' dir='ltr'>densis</span> 
     </span>
     <span class='ocr_line' id='line_1_3' title="bbox 110 557 1233 645; baseline -0.002 -21"><span class='ocrx_word' id='word_1_16' title='bbox 110 560 249 642; x_wconf 85' lang='lat' dir='ltr'>altisque</span> <span class='ocrx_word' id='word_1_17' title='bbox 275 557 414 642; x_wconf 89' lang='lat' dir='ltr'>repletas</span> <span class='ocrx_word' id='word_1_18' title='bbox 442 557 529 621; x_wconf 86' lang='lat' dir='ltr'>silvis</span> <span class='ocrx_word' id='word_1_19' title='bbox 555 558 718 644; x_wconf 86' lang='lat' dir='ltr'>incognito</span> <span class='ocrx_word' id='word_1_20' title='bbox 745 579 864 645; x_wconf 86' lang='lat' dir='ltr'>genere</span> <span class='ocrx_word' id='word_1_21' title='bbox 892 557 1057 636; x_wconf 89' lang='lat' dir='ltr'>arborum,</span> <span class='ocrx_word' id='word_1_22' title='bbox 1091 558 1233 644; x_wconf 79' lang='lat' dir='ltr'>proceri-</span> 
     </span>
     <span class='ocr_line' id='line_1_4' title="bbox 111 657 1234 744; baseline 0.002 -21"><span class='ocrx_word' id='word_1_23' title='bbox 111 669 213 724; x_wconf 90' lang='lat' dir='ltr'>tatem</span> <span class='ocrx_word' id='word_1_24' title='bbox 235 657 444 744; x_wconf 81' lang='lat' dir='ltr'>spectabilem</span> <span class='ocrx_word' id='word_1_25' title='bbox 467 680 536 722; x_wconf 91' lang='lat' dir='ltr'>esse</span> <span class='ocrx_word' id='word_1_26' title='bbox 559 658 653 721; x_wconf 89' lang='lat' dir='ltr'>enodi</span> <span class='ocrx_word' id='word_1_27' title='bbox 674 657 796 735; x_wconf 90' lang='lat' dir='ltr'>nitore,</span> <span class='ocrx_word' id='word_1_28' title='bbox 826 657 950 722; x_wconf 80' lang='lat' dir='ltr'>frondis</span> <span class='ocrx_word' id='word_1_29' title='bbox 972 658 1118 743; x_wconf 79' lang='lat' dir='ltr'>cupressi</span> <span class='ocrx_word' id='word_1_30' title='bbox 1139 681 1234 743; x_wconf 89' lang='lat' dir='ltr'>prae·</span> 
     </span>
     <span class='ocr_line' id='line_1_5' title="bbox 110 757 1235 845; baseline 0.002 -21"><span class='ocrx_word' id='word_1_31' title='bbox 110 771 227 844; x_wconf 87' lang='lat' dir='ltr'>terque</span> <span class='ocrx_word' id='word_1_32' title='bbox 248 760 439 845; x_wconf 86' lang='lat' dir='ltr'>gravitatem</span> <span class='ocrx_word' id='word_1_33' title='bbox 460 758 567 823; x_wconf 85' lang='lat' dir='ltr'>odoris</span> <span class='ocrx_word' id='word_1_34' title='bbox 574 784 583 836; x_wconf 87' lang='lat'>3</span> <span class='ocrx_word' id='word_1_35' title='bbox 608 757 696 822; x_wconf 91' lang='lat' dir='ltr'>tenui</span> <span class='ocrx_word' id='word_1_36' title='bbox 718 779 772 822; x_wconf 89' lang='lat' dir='ltr'>eas</span> <span class='ocrx_word' id='word_1_37' title='bbox 794 758 911 823; x_wconf 91' lang='lat' dir='ltr'>obduci</span> <span class='ocrx_word' id='word_1_38' title='bbox 932 759 1094 845; x_wconf 79' lang='lat' dir='ltr'>lanugine,</span> <span class='ocrx_word' id='word_1_39' title='bbox 1118 761 1235 844; x_wconf 90' lang='lat' dir='ltr'>quibus</span> 
     </span>
     <span class='ocr_line' id='line_1_6' title="bbox 111 857 1237 944; baseline 0.001 -19"><span class='ocrx_word' id='word_1_40' title='bbox 111 860 224 926; x_wconf 88' lang='lat' dir='ltr'>addita</span> <span class='ocrx_word' id='word_1_41' title='bbox 245 870 313 925; x_wconf 89' lang='lat' dir='ltr'>arte</span> <span class='ocrx_word' id='word_1_42' title='bbox 335 881 430 944; x_wconf 91' lang='lat' dir='ltr'>posse</span> <span class='ocrx_word' id='word_1_43' title='bbox 452 859 563 942; x_wconf 86' lang='lat' dir='ltr'>quales</span> <span class='ocrx_word' id='word_1_44' title='bbox 586 880 603 922; x_wconf 93' lang='lat' dir='ltr'>e</span> <span class='ocrx_word' id='word_1_45' title='bbox 624 857 782 942; x_wconf 87' lang='lat' dir='ltr'>bombyce</span> <span class='ocrx_word' id='word_1_46' title='bbox 804 858 905 924; x_wconf 86' lang='lat' dir='ltr'>vestis</span> <span class='ocrx_word' id='word_1_47' title='bbox 927 859 1039 924; x_wconf 89' lang='lat' dir='ltr'>confici</span> <span class='ocrx_word' id='word_1_48' title='bbox 1046 883 1055 936; x_wconf 86' lang='lat'><em>3</em></span> <span class='ocrx_word' id='word_1_49' title='bbox 1081 860 1237 927; x_wconf 87' lang='lat' dir='ltr'>verticem</span> 
     </span>
     <span class='ocr_line' id='line_1_7' title="bbox 112 957 1281 1047; baseline 0 -21"><span class='ocrx_word' id='word_1_50' title='bbox 112 962 189 1026; x_wconf 87' lang='lat' dir='ltr'>altis</span> <span class='ocrx_word' id='word_1_51' title='bbox 211 962 308 1026; x_wconf 87' lang='lat' dir='ltr'>etiam</span> <span class='ocrx_word' id='word_1_52' title='bbox 330 970 452 1024; x_wconf 76' lang='lat' dir='ltr'>aestate</span> <span class='ocrx_word' id='word_1_53' title='bbox 474 958 591 1045; x_wconf 89' lang='lat' dir='ltr'>operiri</span> <span class='ocrx_word' id='word_1_54' title='bbox 612 958 751 1023; x_wconf 82' lang='lat' dir='ltr'>nivibus.</span> <span class='ocrx_word' id='word_1_55' title='bbox 777 957 932 1024; x_wconf 91' lang='lat' dir='ltr'>Decumis</span> <span class='ocrx_word' id='word_1_56' title='bbox 948 982 982 1024; x_wconf 89' lang='lat' dir='ltr'>se</span> <span class='ocrx_word' id='word_1_57' title='bbox 998 982 1036 1024; x_wconf 95' lang='lat' dir='ltr'>eo</span> <span class='ocrx_word' id='word_1_58' title='bbox 1050 963 1236 1047; x_wconf 86' lang='lat' dir='ltr'>pervenisse</span> <span class='ocrx_word' id='word_1_59' title='bbox 1251 984 1281 1027; x_wconf 88' lang='lat'>15</span> 
     </span>
     <span class='ocr_line' id='line_1_8' title="bbox 112 1055 1311 1145; baseline 0.003 -17"><span class='ocrx_word' id='word_1_60' title='bbox 112 1062 228 1128; x_wconf 86' lang='lat' dir='ltr'>castris</span> <span class='ocrx_word' id='word_1_61' title='bbox 256 1071 289 1126; x_wconf 92' lang='lat' dir='ltr'>et</span> <span class='ocrx_word' id='word_1_62' title='bbox 314 1063 399 1126; x_wconf 89' lang='lat' dir='ltr'>ultra</span> <span class='ocrx_word' id='word_1_63' title='bbox 425 1060 467 1124; x_wconf 84' lang='lat' dir='ltr'>ad</span> <span class='ocrx_word' id='word_1_64' title='bbox 490 1059 624 1123; x_wconf 88' lang='lat' dir='ltr'>fluvium</span> <span class='ocrx_word' id='word_1_65' title='bbox 646 1058 701 1142; x_wconf 93' lang='lat' dir='ltr'>qui</span> <span class='ocrx_word' id='word_1_66' title='bbox 724 1055 792 1122; x_wconf 83' lang='lat' dir='ltr'>Ger</span> <span class='ocrx_word' id='word_1_67' title='bbox 813 1069 947 1124; x_wconf 87' lang='lat' dir='ltr'>vocetur</span> <span class='ocrx_word' id='word_1_68' title='bbox 967 1083 1027 1145; x_wconf 91' lang='lat' dir='ltr'>per</span> <span class='ocrx_word' id='word_1_69' title='bbox 1049 1061 1236 1128; x_wconf 87' lang='lat' dir='ltr'>solitudines</span> <span class='ocrx_word' id='word_1_70' title='bbox 1305 1122 1311 1131; x_wconf 80' lang='grc'><em>,</em></span> 
     </span>
     <span class='ocr_line' id='line_1_9' title="bbox 111 1157 1235 1250; baseline 0.002 -22"><span class='ocrx_word' id='word_1_71' title='bbox 111 1163 199 1250; x_wconf 84' lang='lat' dir='ltr'>nigri</span> <span class='ocrx_word' id='word_1_72' title='bbox 219 1161 376 1246; x_wconf 88' lang='lat' dir='ltr'>pulveris,</span> <span class='ocrx_word' id='word_1_73' title='bbox 404 1158 617 1224; x_wconf 87' lang='lat' dir='ltr'>eminentibus</span> <span class='ocrx_word' id='word_1_74' title='bbox 638 1157 801 1222; x_wconf 90' lang='lat' dir='ltr'>interdum</span> <span class='ocrx_word' id='word_1_75' title='bbox 822 1159 912 1224; x_wconf 88' lang='lat' dir='ltr'>velut</span> <span class='ocrx_word' id='word_1_76' title='bbox 934 1161 1056 1226; x_wconf 85' lang='lat' dir='ltr'>exustis</span> <span class='ocrx_word' id='word_1_77' title='bbox 1078 1164 1235 1242; x_wconf 80' lang='lat' dir='ltr'>cautibus,</span> 
     </span>
     <span class='ocr_line' id='line_1_10' title="bbox 89 1259 1333 1349; baseline -0.001 -19"><span class='ocrx_word' id='word_1_78' title='bbox 89 1295 91 1298; x_wconf 47' lang='lat'><em>⁴</em></span> <span class='ocrx_word' id='word_1_79' title='bbox 110 1265 184 1330; x_wconf 90' lang='lat' dir='ltr'>loca</span> <span class='ocrx_word' id='word_1_80' title='bbox 198 1261 418 1327; x_wconf 85' lang='lat' dir='ltr'>inhabitabilia</span> <span class='ocrx_word' id='word_1_81' title='bbox 432 1261 568 1337; x_wconf 81' lang='lat' dir='ltr'>fervore,</span> <span class='ocrx_word' id='word_1_82' title='bbox 589 1281 783 1343; x_wconf 88' lang='lat' dir='ltr'>quamquam</span> <span class='ocrx_word' id='word_1_83' title='bbox 796 1259 929 1327; x_wconf 89' lang='lat' dir='ltr'>hiberno</span> <span class='ocrx_word' id='word_1_84' title='bbox 944 1272 1098 1348; x_wconf 89' lang='lat' dir='ltr'>tempore,</span> <span class='ocrx_word' id='word_1_85' title='bbox 1119 1286 1235 1349; x_wconf 83' lang='lat' dir='ltr'>exper-</span> <span class='ocrx_word' id='word_1_86' title='bbox 1326 1291 1333 1308; x_wconf 43' lang='grc' dir='ltr'>ο</span> 
     </span>
     <span class='ocr_line' id='line_1_11' title="bbox 112 1350 1237 1449; baseline 0 -20"><span class='ocrx_word' id='word_1_87' title='bbox 112 1376 175 1429; x_wconf 86' lang='lat' dir='ltr'>tos.</span> <span class='ocrx_word' id='word_1_88' title='bbox 205 1362 271 1444; x_wconf 81' lang='lat' dir='ltr'>Qui</span> <span class='ocrx_word' id='word_1_89' title='bbox 290 1377 466 1448; x_wconf 84' lang='lat' dir='ltr'>proxumos</span> <span class='ocrx_word' id='word_1_90' title='bbox 483 1350 661 1425; x_wconf 84' lang='lat' dir='ltr'>inhabitent</span> <span class='ocrx_word' id='word_1_91' title='bbox 680 1360 710 1424; x_wconf 93' lang='lat' dir='ltr'>ei</span> <span class='ocrx_word' id='word_1_92' title='bbox 729 1361 830 1424; x_wconf 86' lang='lat' dir='ltr'>saltus</span> <span class='ocrx_word' id='word_1_93' title='bbox 844 1362 981 1427; x_wconf 82' lang='lat' dir='ltr'>refertos</span> <span class='ocrx_word' id='word_1_94' title='bbox 996 1362 1237 1449; x_wconf 86' lang='lat' dir='ltr'>elephantorum</span> 
     </span>
     <span class='ocr_line' id='line_1_12' title="bbox 112 1458 1235 1551; baseline 0.001 -22"><span class='ocrx_word' id='word_1_95' title='bbox 112 1465 321 1548; x_wconf 82' lang='lat' dir='ltr'>ferarumque</span> <span class='ocrx_word' id='word_1_96' title='bbox 344 1473 377 1528; x_wconf 90' lang='lat' dir='ltr'>et</span> <span class='ocrx_word' id='word_1_97' title='bbox 399 1459 597 1547; x_wconf 88' lang='lat' dir='ltr'>serpentium</span> <span class='ocrx_word' id='word_1_98' title='bbox 623 1458 709 1523; x_wconf 93' lang='lat' dir='ltr'>omni</span> <span class='ocrx_word' id='word_1_99' title='bbox 735 1478 853 1547; x_wconf 86' lang='lat' dir='ltr'>genere</span> <span class='ocrx_word' id='word_1_100' title='bbox 881 1458 1036 1528; x_wconf 85' lang='lat' dir='ltr'>Canarios</span> <span class='ocrx_word' id='word_1_101' title='bbox 1057 1465 1219 1551; x_wconf 71' lang='lat' dir='ltr'>appellari</span> <span class='ocrx_word' id='word_1_102' title='bbox 1226 1490 1235 1542; x_wconf 92' lang='lat'>;</span> 
     </span>
     <span class='ocr_line' id='line_1_13' title="bbox 113 1560 1237 1655; baseline 0.001 -25"><span class='ocrx_word' id='word_1_103' title='bbox 113 1565 236 1651; x_wconf 90' lang='lat' dir='ltr'>quippe</span> <span class='ocrx_word' id='word_1_104' title='bbox 256 1564 379 1630; x_wconf 87' lang='lat' dir='ltr'>victum</span> <span class='ocrx_word' id='word_1_105' title='bbox 407 1562 476 1628; x_wconf 87' lang='lat' dir='ltr'>eius</span> <span class='ocrx_word' id='word_1_106' title='bbox 503 1560 649 1626; x_wconf 86' lang='lat' dir='ltr'>animalis</span> <span class='ocrx_word' id='word_1_107' title='bbox 670 1560 865 1645; x_wconf 88' lang='lat' dir='ltr'>promiscum</span> <span class='ocrx_word' id='word_1_108' title='bbox 885 1562 936 1627; x_wconf 90' lang='lat' dir='ltr'>his</span> <span class='ocrx_word' id='word_1_109' title='bbox 959 1587 1029 1655; x_wconf 82' lang='lat' dir='ltr'>esse</span> <span class='ocrx_word' id='word_1_110' title='bbox 1052 1575 1084 1630; x_wconf 92' lang='lat' dir='ltr'>et</span> <span class='ocrx_word' id='word_1_111' title='bbox 1106 1567 1237 1631; x_wconf 87' lang='lat' dir='ltr'>dividua</span> 
     </span>
     <span class='ocr_line' id='line_1_14' title="bbox 113 1657 1282 1749; baseline 0.001 -18"><span class='ocrx_word' id='word_1_112' title='bbox 113 1667 256 1731; x_wconf 86' lang='lat' dir='ltr'>ferarum</span> <span class='ocrx_word' id='word_1_113' title='bbox 278 1665 412 1730; x_wconf 57' lang='lat' dir='ltr'>viscera,</span> <span class='ocrx_word' id='word_1_114' title='bbox 441 1661 590 1726; x_wconf 79' lang='lat' dir='ltr'>Iunctum</span> <span class='ocrx_word' id='word_1_115' title='bbox 604 1657 804 1746; x_wconf 85' lang='lat' dir='ltr'>Aethiopum</span> <span class='ocrx_word' id='word_1_116' title='bbox 824 1673 965 1749; x_wconf 88' lang='lat' dir='ltr'>gentem,</span> <span class='ocrx_word' id='word_1_117' title='bbox 986 1686 1067 1748; x_wconf 90' lang='lat' dir='ltr'>quos</span> <span class='ocrx_word' id='word_1_118' title='bbox 1082 1664 1236 1732; x_wconf 88' lang='lat' dir='ltr'>Perorsos</span> <span class='ocrx_word' id='word_1_119' title='bbox 1252 1688 1282 1732; x_wconf 84' lang='lat' dir='ltr'>re</span> 
     </span>
     <span class='ocr_line' id='line_1_15' title="bbox 113 1759 1236 1850; baseline 0.001 -18"><span class='ocrx_word' id='word_1_120' title='bbox 113 1776 240 1845; x_wconf 87' lang='lat' dir='ltr'>vocant,</span> <span class='ocrx_word' id='word_1_121' title='bbox 264 1765 341 1830; x_wconf 87' lang='lat' dir='ltr'>satis</span> <span class='ocrx_word' id='word_1_122' title='bbox 356 1772 491 1830; x_wconf 52' lang='lat' dir='ltr'>constat,</span> <span class='ocrx_word' id='word_1_123' title='bbox 520 1761 603 1826; x_wconf 90' lang='lat' dir='ltr'>Iuba</span> <span class='ocrx_word' id='word_1_124' title='bbox 624 1759 801 1846; x_wconf 86' lang='lat' dir='ltr'>Ptolemaei</span> <span class='ocrx_word' id='word_1_125' title='bbox 821 1771 924 1847; x_wconf 91' lang='lat' dir='ltr'>pater,</span> <span class='ocrx_word' id='word_1_126' title='bbox 948 1764 1003 1848; x_wconf 92' lang='lat' dir='ltr'>qui</span> <span class='ocrx_word' id='word_1_127' title='bbox 1017 1765 1140 1850; x_wconf 85' lang='lat' dir='ltr'>primus</span> <span class='ocrx_word' id='word_1_128' title='bbox 1155 1769 1236 1833; x_wconf 91' lang='lat' dir='ltr'>utri-</span> 
     </span>
     <span class='ocr_line' id='line_1_16' title="bbox 113 1861 1238 1952; baseline 0.003 -21"><span class='ocrx_word' id='word_1_129' title='bbox 113 1890 178 1952; x_wconf 89' lang='lat' dir='ltr'>que</span> <span class='ocrx_word' id='word_1_130' title='bbox 192 1865 414 1932; x_wconf 85' lang='lat' dir='ltr'>Mauretaniae</span> <span class='ocrx_word' id='word_1_131' title='bbox 427 1861 623 1948; x_wconf 87' lang='lat' dir='ltr'>inperitavit‚</span> <span class='ocrx_word' id='word_1_132' title='bbox 647 1861 824 1926; x_wconf 90' lang='lat' dir='ltr'>studiorum</span> <span class='ocrx_word' id='word_1_133' title='bbox 845 1863 990 1930; x_wconf 86' lang='lat' dir='ltr'>claritate</span> <span class='ocrx_word' id='word_1_134' title='bbox 1003 1867 1238 1934; x_wconf 90' lang='lat' dir='ltr'>memorabilior</span> 
     </span>
     <span class='ocr_line' id='line_1_17' title="bbox 115 1955 1237 2055; baseline 0.003 -22"><span class='ocrx_word' id='word_1_135' title='bbox 115 1969 214 2034; x_wconf 89' lang='lat' dir='ltr'>etiam</span> <span class='ocrx_word' id='word_1_136' title='bbox 242 1989 338 2050; x_wconf 91' lang='lat' dir='ltr'>quam</span> <span class='ocrx_word' id='word_1_137' title='bbox 363 1986 480 2052; x_wconf 88' lang='lat' dir='ltr'>regne,</span> <span class='ocrx_word' id='word_1_138' title='bbox 512 1962 628 2029; x_wconf 89' lang='lat' dir='ltr'>similia</span> <span class='ocrx_word' id='word_1_139' title='bbox 651 1961 794 2047; x_wconf 84' lang='lat' dir='ltr'>prodidit</span> <span class='ocrx_word' id='word_1_140' title='bbox 819 1964 860 2029; x_wconf 91' lang='lat' dir='ltr'>de</span> <span class='ocrx_word' id='word_1_141' title='bbox 885 1955 1017 2032; x_wconf 86' lang='lat' dir='ltr'>Atlante</span> <span class='ocrx_word' id='word_1_142' title='bbox 1045 1979 1237 2055; x_wconf 84' lang='lat' dir='ltr'>praeterque</span> 
     </span>
     <span class='ocr_line' id='line_1_18' title="bbox 114 2062 1236 2158; baseline 0.004 -26"><span class='ocrx_word' id='word_1_143' title='bbox 114 2068 208 2158; x_wconf 83' lang='lat' dir='ltr'>gigni</span> <span class='ocrx_word' id='word_1_144' title='bbox 235 2067 369 2132; x_wconf 89' lang='lat' dir='ltr'>herbam</span> <span class='ocrx_word' id='word_1_145' title='bbox 396 2065 443 2131; x_wconf 92' lang='lat' dir='ltr'>ibi</span> <span class='ocrx_word' id='word_1_146' title='bbox 470 2062 679 2149; x_wconf 89' lang='lat' dir='ltr'>euphorbiam</span> <span class='ocrx_word' id='word_1_147' title='bbox 704 2063 833 2129; x_wconf 90' lang='lat' dir='ltr'>nomine</span> <span class='ocrx_word' id='word_1_148' title='bbox 859 2064 900 2129; x_wconf 91' lang='lat' dir='ltr'>ab</span> <span class='ocrx_word' id='word_1_149' title='bbox 925 2066 1090 2134; x_wconf 88' lang='lat' dir='ltr'>inventore</span> <span class='ocrx_word' id='word_1_150' title='bbox 1111 2073 1236 2137; x_wconf 91' lang='lat' dir='ltr'>medico</span> 
     </span>
    </p>
   </div>
   <div class='ocr_carea' id='block_1_3' title="bbox 103 2233 1262 3912">
    <p class='ocr_par' dir='ltr' id='par_1_3' title="bbox 103 2233 1262 3912">
     <span class='ocr_line' id='line_1_19' title="bbox 115 2233 1235 2306; baseline -0.004 -13"><span class='ocrx_word' id='word_1_151' title='bbox 115 2259 155 2294; x_wconf 78' lang='lat' dir='ltr'>sea</span> <span class='ocrx_word' id='word_1_152' title='bbox 167 2251 341 2306; x_wconf 74' lang='lat' dir='ltr'>transqreeaa,</span> <span class='ocrx_word' id='word_1_153' title='bbox 352 2239 442 2290; x_wconf 86' lang='lat' dir='ltr'>Ambr.</span> <span class='ocrx_word' id='word_1_154' title='bbox 455 2237 491 2286; x_wconf 84' lang='lat' dir='ltr'>IL</span> <span class='ocrx_word' id='word_1_155' title='bbox 509 2235 623 2284; x_wconf 73' lang='lat' dir='ltr'>herienses</span> <span class='ocrx_word' id='word_1_156' title='bbox 635 2244 811 2300; x_wconf 67' lang='lat' dir='ltr'>transpressaa</span> <span class='ocrx_word' id='word_1_157' title='bbox 823 2235 852 2284; x_wconf 86' lang='lat' dir='ltr'>P.</span> <span class='ocrx_word' id='word_1_158' title='bbox 876 2251 972 2288; x_wconf 81' lang='lat' dir='ltr'>eneasee</span> <span class='ocrx_word' id='word_1_159' title='bbox 984 2248 1157 2304; x_wconf 67' lang='lat' dir='ltr'>nansqressos,</span> <span class='ocrx_word' id='word_1_160' title='bbox 1169 2233 1235 2293; x_wconf 71' lang='lat' dir='ltr'>Itali.</span> 
     </span>
     <span class='ocr_line' id='line_1_20' title="bbox 113 2304 1236 2372; baseline -0.002 -12"><span class='ocrx_word' id='word_1_161' title='bbox 113 2311 256 2372; x_wconf 81' lang='lat' dir='ltr'>Vulgatam</span> <span class='ocrx_word' id='word_1_162' title='bbox 268 2308 418 2370; x_wconf 86' lang='lat' dir='ltr'>scripturam</span> <span class='ocrx_word' id='word_1_163' title='bbox 429 2305 623 2368; x_wconf 84' lang='lat' dir='ltr'>interpolatione</span> <span class='ocrx_word' id='word_1_164' title='bbox 640 2317 694 2352; x_wconf 87' lang='lat' dir='ltr'>esse</span> <span class='ocrx_word' id='word_1_165' title='bbox 711 2310 855 2365; x_wconf 88' lang='lat' dir='ltr'>eonuptam</span> <span class='ocrx_word' id='word_1_166' title='bbox 873 2304 941 2352; x_wconf 88' lang='lat' dir='ltr'>clare</span> <span class='ocrx_word' id='word_1_167' title='bbox 956 2307 1047 2355; x_wconf 87' lang='lat' dir='ltr'>docent</span> <span class='ocrx_word' id='word_1_168' title='bbox 1063 2308 1188 2358; x_wconf 87' lang='lat' dir='ltr'>bonorum</span> <span class='ocrx_word' id='word_1_169' title='bbox 1203 2311 1236 2358; x_wconf 87' lang='lat' dir='ltr'>li·-</span> 
     </span>
     <span class='ocr_line' id='line_1_21' title="bbox 114 2369 1262 2433; baseline -0.003 -6"><span class='ocrx_word' id='word_1_170' title='bbox 114 2378 218 2427; x_wconf 87' lang='lat' dir='ltr'>brorum</span> <span class='ocrx_word' id='word_1_171' title='bbox 230 2375 361 2432; x_wconf 90' lang='lat' dir='ltr'>lectiones,</span> <span class='ocrx_word' id='word_1_172' title='bbox 372 2375 440 2422; x_wconf 90' lang='lat' dir='ltr'>unde</span> <span class='ocrx_word' id='word_1_173' title='bbox 451 2372 559 2421; x_wconf 88' lang='lat' dir='ltr'>coniieio</span> <span class='ocrx_word' id='word_1_174' title='bbox 571 2370 684 2419; x_wconf 92' lang='lat' dir='ltr'>Plinium</span> <span class='ocrx_word' id='word_1_175' title='bbox 700 2370 829 2431; x_wconf 81' lang='lat' dir='ltr'>scripsisse</span> <span class='ocrx_word' id='word_1_176' title='bbox 841 2384 948 2420; x_wconf 79' lang='lat' dir='ltr'>emensas</span> <span class='ocrx_word' id='word_1_177' title='bbox 960 2369 996 2433; x_wconf 88' lang='lat' dir='ltr'>(v.</span> <span class='ocrx_word' id='word_1_178' title='bbox 1010 2372 1123 2423; x_wconf 84' lang='lat' dir='ltr'>Gronov.</span> <span class='ocrx_word' id='word_1_179' title='bbox 1137 2378 1169 2425; x_wconf 91' lang='lat' dir='ltr'>ad</span> <span class='ocrx_word' id='word_1_180' title='bbox 1180 2377 1235 2425; x_wconf 88' lang='lat' dir='ltr'>Liv.</span> <span class='ocrx_word' id='word_1_181' title='bbox 1259 2374 1262 2378; x_wconf 75' lang='grc'><strong>’</strong></span> 
     </span>
     <span class='ocr_line' id='line_1_22' title="bbox 116 2437 1236 2506; baseline -0.002 -14"><span class='ocrx_word' id='word_1_182' title='bbox 116 2450 157 2505; x_wconf 79' lang='lat'>³8,</span> <span class='ocrx_word' id='word_1_183' title='bbox 171 2441 233 2506; x_wconf 70' lang='lat' dir='ltr'>ln),</span> <span class='ocrx_word' id='word_1_184' title='bbox 245 2443 286 2491; x_wconf 88' lang='lat' dir='ltr'>cui</span> <span class='ocrx_word' id='word_1_185' title='bbox 296 2442 355 2490; x_wconf 84' lang='lat' dir='ltr'>voci</span> <span class='ocrx_word' id='word_1_186' title='bbox 366 2441 521 2503; x_wconf 85' lang='lat' dir='ltr'>glossemata</span> <span class='ocrx_word' id='word_1_187' title='bbox 536 2451 654 2501; x_wconf 76' lang='lat' dir='ltr'>apresens,</span> <span class='ocrx_word' id='word_1_188' title='bbox 672 2443 839 2499; x_wconf 75' lang='lat' dir='ltr'>transqreseaa</span> <span class='ocrx_word' id='word_1_189' title='bbox 854 2452 870 2485; x_wconf 88' lang='lat' dir='ltr'>a</span> <span class='ocrx_word' id='word_1_190' title='bbox 884 2437 992 2488; x_wconf 85' lang='lat' dir='ltr'>librariis</span> <span class='ocrx_word' id='word_1_191' title='bbox 1008 2441 1134 2503; x_wconf 81' lang='lat' dir='ltr'>adscripta</span> <span class='ocrx_word' id='word_1_192' title='bbox 1149 2457 1236 2493; x_wconf 87' lang='lat' dir='ltr'>veram</span> 
     </span>
     <span class='ocr_line' id='line_1_23' title="bbox 114 2500 1236 2571; baseline -0.001 -10"><span class='ocrx_word' id='word_1_193' title='bbox 114 2509 260 2569; x_wconf 87' lang='lat' dir='ltr'>lectionem,</span> <span class='ocrx_word' id='word_1_194' title='bbox 272 2509 348 2569; x_wconf 78' lang='lat' dir='ltr'>nisit,</span> <span class='ocrx_word' id='word_1_195' title='bbox 361 2508 520 2571; x_wconf 87' lang='lat' dir='ltr'>expulerunt.</span> <span class='ocrx_word' id='word_1_196' title='bbox 538 2545 570 2553; x_wconf 80' lang='grc'>-</span> <span class='ocrx_word' id='word_1_197' title='bbox 594 2519 688 2566; x_wconf 81' lang='lat' dir='ltr'>qaoque</span> <span class='ocrx_word' id='word_1_198' title='bbox 698 2517 765 2565; x_wconf 89' lang='lat' dir='ltr'>pone</span> <span class='ocrx_word' id='word_1_199' title='bbox 775 2500 825 2552; x_wconf 81' lang='lat' dir='ltr'>Aa.</span> <span class='ocrx_word' id='word_1_200' title='bbox 838 2504 948 2554; x_wconf 85' lang='lat' dir='ltr'>collocat</span> <span class='ocrx_word' id='word_1_201' title='bbox 958 2505 988 2555; x_wconf 92' lang='lat' dir='ltr'>P.</span> <span class='ocrx_word' id='word_1_202' title='bbox 1012 2547 1044 2556; x_wconf 84' lang='lat'>..</span> <span class='ocrx_word' id='word_1_203' title='bbox 1067 2505 1189 2571; x_wconf 81' lang='lat' dir='ltr'>athlante,</span> <span class='ocrx_word' id='word_1_204' title='bbox 1201 2507 1236 2560; x_wconf 76' lang='lat' dir='ltr'>A.</span> 
     </span>
     <span class='ocr_line' id='line_1_24' title="bbox 117 2569 1236 2641; baseline -0.001 -14"><span class='ocrx_word' id='word_1_205' title='bbox 117 2618 149 2627; x_wconf 82' lang='lat'><em>-</em></span> <span class='ocrx_word' id='word_1_206' title='bbox 167 2575 277 2641; x_wconf 81' lang='lat' dir='ltr'>aliquod,</span> <span class='ocrx_word' id='word_1_207' title='bbox 288 2576 351 2626; x_wconf 83' lang='lat' dir='ltr'>RD.</span> <span class='ocrx_word' id='word_1_208' title='bbox 370 2615 402 2623; x_wconf 80' lang='grc'>-</span> <span class='ocrx_word' id='word_1_209' title='bbox 421 2590 500 2636; x_wconf 84' lang='lat' dir='ltr'>qaam,</span> <span class='ocrx_word' id='word_1_210' title='bbox 516 2571 545 2620; x_wconf 85' lang='lat' dir='ltr'>P.</span> <span class='ocrx_word' id='word_1_211' title='bbox 565 2612 596 2619; x_wconf 82' lang='grc'>-</span> <span class='ocrx_word' id='word_1_212' title='bbox 614 2569 707 2630; x_wconf 83' lang='lat' dir='ltr'>ceteris,</span> <span class='ocrx_word' id='word_1_213' title='bbox 723 2570 755 2619; x_wconf 94' lang='grc' dir='ltr'>Β.</span> <span class='ocrx_word' id='word_1_214' title='bbox 775 2611 806 2618; x_wconf 84' lang='grc'>-</span> <span class='ocrx_word' id='word_1_215' title='bbox 825 2570 924 2632; x_wconf 79' lang='lat' dir='ltr'>radiet&#39;a,</span> <span class='ocrx_word' id='word_1_216' title='bbox 941 2573 973 2622; x_wconf 90' lang='grc' dir='ltr'>Β.</span> <span class='ocrx_word' id='word_1_217' title='bbox 1000 2614 1032 2622; x_wconf 82' lang='grc'><strong>-</strong></span> <span class='ocrx_word' id='word_1_218' title='bbox 1055 2576 1236 2640; x_wconf 84' lang='lat' dir='ltr'>proceritatem,</span> 
     </span>
     <span class='ocr_line' id='line_1_25' title="bbox 115 2635 1235 2707; baseline 0 -13"><span class='ocrx_word' id='word_1_219' title='bbox 115 2643 271 2696; x_wconf 80' lang='lat' dir='ltr'>BADPad</span> <span class='ocrx_word' id='word_1_220' title='bbox 287 2639 471 2704; x_wconf 82' lang='lat' dir='ltr'>(Ambr.1.11.</span> <span class='ocrx_word' id='word_1_221' title='bbox 489 2635 567 2700; x_wconf 82' lang='grc' dir='ltr'>Βοὴ.)</span> <span class='ocrx_word' id='word_1_222' title='bbox 587 2636 740 2701; x_wconf 67' lang='lat' dir='ltr'>parentare,</span> <span class='ocrx_word' id='word_1_223' title='bbox 752 2638 783 2688; x_wconf 84' lang='lat' dir='ltr'>N.</span> <span class='ocrx_word' id='word_1_224' title='bbox 807 2679 838 2686; x_wconf 84' lang='grc'>-</span> <span class='ocrx_word' id='word_1_225' title='bbox 861 2638 1096 2704; x_wconf 74' lang='lat' dir='ltr'>aspectabilem,R&#39;.</span> <span class='ocrx_word' id='word_1_226' title='bbox 1121 2684 1153 2692; x_wconf 82' lang='grc'><strong>-</strong></span> <span class='ocrx_word' id='word_1_227' title='bbox 1176 2662 1235 2707; x_wconf 83' lang='lat' dir='ltr'>esse,</span> 
     </span>
     <span class='ocr_line' id='line_1_26' title="bbox 115 2700 1235 2773; baseline -0.002 -10"><span class='ocrx_word' id='word_1_228' title='bbox 115 2708 268 2763; x_wconf 66' lang='lat' dir='ltr'>annam.</span> <span class='ocrx_word' id='word_1_229' title='bbox 282 2710 371 2761; x_wconf 89' lang='lat' dir='ltr'>Omitt.</span> <span class='ocrx_word' id='word_1_230' title='bbox 382 2709 408 2760; x_wconf 94' lang='lat' dir='ltr'>D</span> <span class='ocrx_word' id='word_1_231' title='bbox 416 2700 516 2757; x_wconf 78' lang='lat' dir='ltr'>0Pa¹r</span> <span class='ocrx_word' id='word_1_232' title='bbox 527 2702 620 2767; x_wconf 93' lang='grc' dir='ltr'>(Βοὴ.)</span> <span class='ocrx_word' id='word_1_233' title='bbox 633 2746 665 2753; x_wconf 84' lang='grc'>-</span> <span class='ocrx_word' id='word_1_234' title='bbox 679 2712 767 2766; x_wconf 88' lang='lat' dir='ltr'>tenore,</span> <span class='ocrx_word' id='word_1_235' title='bbox 778 2705 923 2755; x_wconf 87' lang='lat' dir='ltr'>Markland.</span> <span class='ocrx_word' id='word_1_236' title='bbox 935 2709 968 2757; x_wconf 90' lang='lat' dir='ltr'>ad</span> <span class='ocrx_word' id='word_1_237' title='bbox 979 2708 1043 2760; x_wconf 85' lang='lat' dir='ltr'>Stat.</span> <span class='ocrx_word' id='word_1_238' title='bbox 1056 2710 1117 2761; x_wconf 83' lang='lat' dir='ltr'>silv.</span> <span class='ocrx_word' id='word_1_239' title='bbox 1126 2713 1162 2773; x_wconf 88' lang='lat' dir='ltr'>H,</span> <span class='ocrx_word' id='word_1_240' title='bbox 1174 2719 1198 2771; x_wconf 81' lang='lat' dir='ltr'>e,</span> <span class='ocrx_word' id='word_1_241' title='bbox 1212 2719 1235 2762; x_wconf 71' lang='grc' dir='ltr'>ὴ.</span> 
     </span>
     <span class='ocr_line' id='line_1_27' title="bbox 116 2771 1235 2844; baseline -0.007 -16"><span class='ocrx_word' id='word_1_242' title='bbox 116 2805 149 2831; x_wconf 67' lang='lat' dir='ltr'>a.</span> <span class='ocrx_word' id='word_1_243' title='bbox 167 2777 334 2844; x_wconf 58' lang='lat' dir='ltr'>cupressini</span> <span class='ocrx_word' id='word_1_244' title='bbox 357 2772 711 2839; x_wconf 72' lang='lat' dir='ltr'>caprasisindes,ANPa2.</span> <span class='ocrx_word' id='word_1_245' title='bbox 734 2771 1014 2837; x_wconf 60' lang='grc' dir='ltr'>οηρνεεείεἰνηίἰὶεῶᾶ.</span> <span class='ocrx_word' id='word_1_246' title='bbox 1038 2779 1160 2840; x_wconf 77' lang='lat' dir='ltr'>cupressis</span> <span class='ocrx_word' id='word_1_247' title='bbox 1171 2781 1235 2830; x_wconf 71' lang='lat' dir='ltr'>simi.</span> 
     </span>
     <span class='ocr_line' id='line_1_28' title="bbox 116 2834 1235 2908; baseline 0.001 -14"><span class='ocrx_word' id='word_1_248' title='bbox 116 2834 162 2908; x_wconf 74' lang='lat' dir='ltr'>tes,</span> <span class='ocrx_word' id='word_1_249' title='bbox 178 2847 204 2896; x_wconf 89' lang='grc' dir='ltr'>Β</span> <span class='ocrx_word' id='word_1_250' title='bbox 220 2840 313 2906; x_wconf 88' lang='grc' dir='ltr'>(Βοὴ.)</span> <span class='ocrx_word' id='word_1_251' title='bbox 328 2840 378 2907; x_wconf 63' lang='lat' dir='ltr'>fir.</span> <span class='ocrx_word' id='word_1_252' title='bbox 397 2843 437 2892; x_wconf 88' lang='lat' dir='ltr'>De</span> <span class='ocrx_word' id='word_1_253' title='bbox 453 2841 564 2904; x_wconf 82' lang='lat' dir='ltr'>genitivo</span> <span class='ocrx_word' id='word_1_254' title='bbox 580 2854 604 2888; x_wconf 82' lang='lat' dir='ltr'>v.</span> <span class='ocrx_word' id='word_1_255' title='bbox 621 2842 654 2888; x_wconf 88' lang='lat' dir='ltr'>ad</span> <span class='ocrx_word' id='word_1_256' title='bbox 670 2845 711 2900; x_wconf 82' lang='lat'>35,</span> <span class='ocrx_word' id='word_1_257' title='bbox 724 2846 747 2889; x_wconf 88' lang='grc'>3.</span> <span class='ocrx_word' id='word_1_258' title='bbox 767 2839 886 2890; x_wconf 83' lang='lat' dir='ltr'>Ceterum</span> <span class='ocrx_word' id='word_1_259' title='bbox 897 2842 961 2890; x_wconf 90' lang='lat' dir='ltr'>haee</span> <span class='ocrx_word' id='word_1_260' title='bbox 973 2845 1106 2906; x_wconf 82' lang='lat' dir='ltr'>exscripsit</span> <span class='ocrx_word' id='word_1_261' title='bbox 1116 2847 1235 2895; x_wconf 77' lang='lat' dir='ltr'>Mattiau.</span> 
     </span>
     <span class='ocr_line' id='line_1_29' title="bbox 117 2904 1235 2976; baseline 0.004 -19"><span class='ocrx_word' id='word_1_262' title='bbox 117 2910 141 2975; x_wconf 67' lang='lat' dir='ltr'>t,</span> <span class='ocrx_word' id='word_1_263' title='bbox 155 2916 212 2964; x_wconf 76' lang='grc'>667.</span> <span class='ocrx_word' id='word_1_264' title='bbox 225 2953 257 2961; x_wconf 86' lang='grc'>,,</span> <span class='ocrx_word' id='word_1_265' title='bbox 267 2921 423 2976; x_wconf 80' lang='lat' dir='ltr'>praeterque,</span> <span class='ocrx_word' id='word_1_266' title='bbox 435 2910 538 2959; x_wconf 85' lang='lat' dir='ltr'>Barbar.</span> <span class='ocrx_word' id='word_1_267' title='bbox 550 2907 630 2957; x_wconf 78' lang='lat' dir='ltr'>nra.</span> <span class='ocrx_word' id='word_1_268' title='bbox 646 2916 743 2970; x_wconf 88' lang='lat' dir='ltr'>praeter</span> <span class='ocrx_word' id='word_1_269' title='bbox 755 2923 813 2970; x_wconf 85' lang='lat' dir='ltr'>qua,</span> <span class='ocrx_word' id='word_1_270' title='bbox 825 2907 879 2956; x_wconf 88' lang='grc' dir='ltr'>ΒΙ)</span> <span class='ocrx_word' id='word_1_271' title='bbox 895 2904 965 2968; x_wconf 88' lang='lat' dir='ltr'>(libri</span> <span class='ocrx_word' id='word_1_272' title='bbox 976 2925 1016 2972; x_wconf 87' lang='lat' dir='ltr'>ap.</span> <span class='ocrx_word' id='word_1_273' title='bbox 1029 2911 1136 2960; x_wconf 86' lang='lat' dir='ltr'>Salmas.</span> <span class='ocrx_word' id='word_1_274' title='bbox 1154 2926 1235 2961; x_wconf 85' lang='lat' dir='ltr'>exere.</span> 
     </span>
     <span class='ocr_line' id='line_1_30' title="bbox 116 2971 1235 3046; baseline -0.002 -16"><span class='ocrx_word' id='word_1_275' title='bbox 116 2990 142 3046; x_wconf 82' lang='lat' dir='ltr'>p.</span> <span class='ocrx_word' id='word_1_276' title='bbox 155 2986 213 3030; x_wconf 75' lang='lat'>208.</span> <span class='ocrx_word' id='word_1_277' title='bbox 225 2981 250 3030; x_wconf 94' lang='grc' dir='ltr'>ὴ.</span> <span class='ocrx_word' id='word_1_278' title='bbox 262 2976 306 3041; x_wconf 81' lang='lat' dir='ltr'>P.)</span> <span class='ocrx_word' id='word_1_279' title='bbox 322 2985 501 3042; x_wconf 79' lang='lat' dir='ltr'>praeterquam,</span> <span class='ocrx_word' id='word_1_280' title='bbox 517 2975 564 3024; x_wconf 87' lang='lat' dir='ltr'>Ad</span> <span class='ocrx_word' id='word_1_281' title='bbox 576 2971 669 3036; x_wconf 85' lang='grc' dir='ltr'>(Βοὴ.)</span> <span class='ocrx_word' id='word_1_282' title='bbox 688 2981 798 3038; x_wconf 88' lang='lat' dir='ltr'>praeter,</span> <span class='ocrx_word' id='word_1_283' title='bbox 811 2976 883 3023; x_wconf 90' lang='lat' dir='ltr'>codd.</span> <span class='ocrx_word' id='word_1_284' title='bbox 895 2976 1007 3038; x_wconf 86' lang='lat' dir='ltr'>Barbari,</span> <span class='ocrx_word' id='word_1_285' title='bbox 1019 2977 1110 3027; x_wconf 86' lang='lat' dir='ltr'>Ambr.</span> <span class='ocrx_word' id='word_1_286' title='bbox 1122 2980 1143 3028; x_wconf 94' lang='grc' dir='ltr'>Ι.</span> <span class='ocrx_word' id='word_1_287' title='bbox 1154 2981 1189 3030; x_wconf 94' lang='lat'>11.</span> <span class='ocrx_word' id='word_1_288' title='bbox 1204 3019 1235 3028; x_wconf 88' lang='lat'>..</span> 
     </span>
     <span class='ocr_line' id='line_1_31' title="bbox 115 3037 1236 3114; baseline -0.004 -18"><span class='ocrx_word' id='word_1_289' title='bbox 115 3046 244 3114; x_wconf 75' lang='lat' dir='ltr'>pravitate,</span> <span class='ocrx_word' id='word_1_290' title='bbox 255 3046 360 3097; x_wconf 86' lang='lat' dir='ltr'>RDPd</span> <span class='ocrx_word' id='word_1_291' title='bbox 372 3042 442 3106; x_wconf 86' lang='lat' dir='ltr'>(libri</span> <span class='ocrx_word' id='word_1_292' title='bbox 454 3039 574 3104; x_wconf 82' lang='lat' dir='ltr'>Salmas.)</span> <span class='ocrx_word' id='word_1_293' title='bbox 592 3080 625 3089; x_wconf 84' lang='lat'><em>-</em></span> <span class='ocrx_word' id='word_1_294' title='bbox 642 3037 752 3099; x_wconf 84' lang='lat' dir='ltr'>oderice,</span> <span class='ocrx_word' id='word_1_295' title='bbox 762 3054 786 3089; x_wconf 85' lang='grc' dir='ltr'>σ.</span> <span class='ocrx_word' id='word_1_296' title='bbox 805 3080 837 3090; x_wconf 86' lang='lat'>..</span> <span class='ocrx_word' id='word_1_297' title='bbox 855 3041 941 3103; x_wconf 79' lang='lat' dir='ltr'>tenuis,</span> <span class='ocrx_word' id='word_1_298' title='bbox 952 3044 1004 3093; x_wconf 84' lang='lat' dir='ltr'>Rd.</span> <span class='ocrx_word' id='word_1_299' title='bbox 1018 3083 1050 3093; x_wconf 88' lang='lat'>..</span> <span class='ocrx_word' id='word_1_300' title='bbox 1068 3044 1116 3104; x_wconf 82' lang='lat' dir='ltr'>cai,</span> <span class='ocrx_word' id='word_1_301' title='bbox 1129 3045 1236 3096; x_wconf 83' lang='lat' dir='ltr'>Salmas.</span> 
     </span>
     <span class='ocr_line' id='line_1_32' title="bbox 116 3106 1236 3178; baseline -0.002 -14"><span class='ocrx_word' id='word_1_302' title='bbox 116 3128 199 3164; x_wconf 84' lang='lat' dir='ltr'>exere.</span> <span class='ocrx_word' id='word_1_303' title='bbox 211 3129 237 3178; x_wconf 91' lang='lat' dir='ltr'>p.</span> <span class='ocrx_word' id='word_1_304' title='bbox 250 3119 307 3164; x_wconf 79' lang='lat'><strong>209.</strong></span> <span class='ocrx_word' id='word_1_305' title='bbox 320 3129 343 3162; x_wconf 89' lang='lat' dir='ltr'>a.</span> <span class='ocrx_word' id='word_1_306' title='bbox 356 3112 386 3162; x_wconf 86' lang='lat' dir='ltr'>G.</span> <span class='ocrx_word' id='word_1_307' title='bbox 401 3151 432 3160; x_wconf 79' lang='lat'>..</span> <span class='ocrx_word' id='word_1_308' title='bbox 451 3106 567 3170; x_wconf 81' lang='lat' dir='ltr'>adducta,</span> <span class='ocrx_word' id='word_1_309' title='bbox 578 3109 610 3158; x_wconf 85' lang='lat' dir='ltr'>N.</span> <span class='ocrx_word' id='word_1_310' title='bbox 624 3147 655 3156; x_wconf 65' lang='grc'><em>,</em></span> <span class='ocrx_word' id='word_1_311' title='bbox 673 3106 799 3171; x_wconf 81' lang='lat' dir='ltr'>aequales,</span> <span class='ocrx_word' id='word_1_312' title='bbox 811 3109 843 3157; x_wconf 88' lang='grc' dir='ltr'>Β.</span> <span class='ocrx_word' id='word_1_313' title='bbox 856 3149 888 3157; x_wconf 85' lang='grc'>..</span> <span class='ocrx_word' id='word_1_314' title='bbox 901 3125 921 3170; x_wconf 93' lang='lat' dir='ltr'>e,</span> <span class='ocrx_word' id='word_1_315' title='bbox 933 3111 1014 3160; x_wconf 89' lang='lat' dir='ltr'>omitt.</span> <span class='ocrx_word' id='word_1_316' title='bbox 1030 3112 1137 3162; x_wconf 69' lang='lat' dir='ltr'>RPald</span> <span class='ocrx_word' id='word_1_317' title='bbox 1150 3109 1236 3174; x_wconf 88' lang='lat' dir='ltr'>(codd.</span> 
     </span>
     <span class='ocr_line' id='line_1_33' title="bbox 115 3170 1094 3243; baseline -0.009 -11"><span class='ocrx_word' id='word_1_318' title='bbox 115 3181 202 3243; x_wconf 73' lang='lat' dir='ltr'>Rern,</span> <span class='ocrx_word' id='word_1_319' title='bbox 213 3178 294 3243; x_wconf 91' lang='grc' dir='ltr'>Βοὴ.)</span> <span class='ocrx_word' id='word_1_320' title='bbox 313 3221 344 3228; x_wconf 88' lang='grc'>..</span> <span class='ocrx_word' id='word_1_321' title='bbox 363 3188 460 3239; x_wconf 85' lang='lat' dir='ltr'>aestate,</span> <span class='ocrx_word' id='word_1_322' title='bbox 473 3177 554 3226; x_wconf 82' lang='lat' dir='ltr'>omitt</span> <span class='ocrx_word' id='word_1_323' title='bbox 566 3177 588 3225; x_wconf 90' lang='lat' dir='ltr'>P</span> <span class='ocrx_word' id='word_1_324' title='bbox 600 3170 690 3235; x_wconf 82' lang='grc' dir='ltr'>(Βοὴ.)</span> <span class='ocrx_word' id='word_1_325' title='bbox 709 3215 741 3223; x_wconf 90' lang='grc'>..</span> <span class='ocrx_word' id='word_1_326' title='bbox 758 3175 867 3236; x_wconf 69' lang='lat' dir='ltr'>natatus,</span> <span class='ocrx_word' id='word_1_327' title='bbox 878 3176 908 3225; x_wconf 90' lang='lat' dir='ltr'>P.</span> <span class='ocrx_word' id='word_1_328' title='bbox 1055 3238 1056 3241; x_wconf 8' lang='grc' dir='ltr'><strong>Ἴ</strong></span> <span class='ocrx_word' id='word_1_329' title='bbox 1093 3240 1094 3243; x_wconf 9' lang='lat'>¹</span> 
     </span>
     <span class='ocr_line' id='line_1_34' title="bbox 151 3240 1236 3311; baseline -0.001 -12"><span class='ocrx_word' id='word_1_330' title='bbox 151 3247 220 3308; x_wconf 76' lang='lat' dir='ltr'>§lta</span> <span class='ocrx_word' id='word_1_331' title='bbox 246 3246 362 3308; x_wconf 75' lang='lat' dir='ltr'>Decima,</span> <span class='ocrx_word' id='word_1_332' title='bbox 377 3246 407 3296; x_wconf 91' lang='lat' dir='ltr'>P.</span> <span class='ocrx_word' id='word_1_333' title='bbox 435 3287 466 3294; x_wconf 85' lang='grc'>-</span> <span class='ocrx_word' id='word_1_334' title='bbox 497 3243 556 3304; x_wconf 79' lang='lat' dir='ltr'>Ger,</span> <span class='ocrx_word' id='word_1_335' title='bbox 571 3242 729 3293; x_wconf 84' lang='lat' dir='ltr'>RADTan</span> <span class='ocrx_word' id='word_1_336' title='bbox 744 3240 846 3304; x_wconf 85' lang='lat' dir='ltr'>(Ambr.</span> <span class='ocrx_word' id='word_1_337' title='bbox 863 3242 905 3307; x_wconf 90' lang='grc' dir='ltr'>Ι.)</span> <span class='ocrx_word' id='word_1_338' title='bbox 928 3243 1025 3308; x_wconf 79' lang='lat' dir='ltr'>Geram,</span> <span class='ocrx_word' id='word_1_339' title='bbox 1043 3248 1108 3298; x_wconf 87' lang='grc' dir='ltr'>Βοὴ.</span> <span class='ocrx_word' id='word_1_340' title='bbox 1134 3245 1191 3311; x_wconf 78' lang='lat' dir='ltr'>Sar,</span> <span class='ocrx_word' id='word_1_341' title='bbox 1206 3249 1236 3298; x_wconf 87' lang='lat' dir='ltr'>P.</span> 
     </span>
     <span class='ocr_line' id='line_1_35' title="bbox 116 3304 1236 3380; baseline -0.001 -14"><span class='ocrx_word' id='word_1_342' title='bbox 116 3314 204 3380; x_wconf 64' lang='lat' dir='ltr'>Niger,</span> <span class='ocrx_word' id='word_1_343' title='bbox 215 3316 241 3366; x_wconf 84' lang='lat' dir='ltr'>N</span> <span class='ocrx_word' id='word_1_344' title='bbox 252 3312 379 3378; x_wconf 88' lang='lat' dir='ltr'>(plerique</span> <span class='ocrx_word' id='word_1_345' title='bbox 390 3315 458 3376; x_wconf 88' lang='lat' dir='ltr'>apud</span> <span class='ocrx_word' id='word_1_346' title='bbox 469 3305 558 3371; x_wconf 79' lang='lat' dir='ltr'>Rern.)</span> <span class='ocrx_word' id='word_1_347' title='bbox 569 3304 599 3370; x_wconf 81' lang='grc' dir='ltr'>β.</span> <span class='ocrx_word' id='word_1_348' title='bbox 618 3350 650 3358; x_wconf 87' lang='grc'>..</span> <span class='ocrx_word' id='word_1_349' title='bbox 667 3316 773 3371; x_wconf 85' lang='lat' dir='ltr'>vocetur,</span> <span class='ocrx_word' id='word_1_350' title='bbox 785 3311 901 3361; x_wconf 69' lang='lat' dir='ltr'>RDald.</span> <span class='ocrx_word' id='word_1_351' title='bbox 925 3322 1035 3376; x_wconf 61' lang='lat' dir='ltr'>racana·</span> <span class='ocrx_word' id='word_1_352' title='bbox 1043 3314 1133 3366; x_wconf 76' lang='lat' dir='ltr'>APa²</span> <span class='ocrx_word' id='word_1_353' title='bbox 1145 3313 1236 3378; x_wconf 87' lang='grc' dir='ltr'>(Βοὴ.)</span> 
     </span>
     <span class='ocr_line' id='line_1_36' title="bbox 115 3373 1237 3448; baseline -0.004 -16"><span class='ocrx_word' id='word_1_354' title='bbox 115 3377 145 3443; x_wconf 79' lang='grc' dir='ltr'>β.</span> <span class='ocrx_word' id='word_1_355' title='bbox 163 3392 297 3443; x_wconf 80' lang='lat' dir='ltr'>vocaretur,</span> <span class='ocrx_word' id='word_1_356' title='bbox 312 3373 392 3444; x_wconf 75' lang='grc' dir='ltr'>θΝγ.</span> <span class='ocrx_word' id='word_1_357' title='bbox 412 3420 443 3429; x_wconf 87' lang='grc'>..</span> <span class='ocrx_word' id='word_1_358' title='bbox 458 3397 513 3444; x_wconf 89' lang='lat' dir='ltr'>pro,</span> <span class='ocrx_word' id='word_1_359' title='bbox 524 3379 585 3428; x_wconf 86' lang='grc' dir='ltr'>ΒΝ.</span> <span class='ocrx_word' id='word_1_360' title='bbox 605 3418 635 3426; x_wconf 85' lang='grc'><strong>-</strong></span> <span class='ocrx_word' id='word_1_361' title='bbox 654 3375 782 3439; x_wconf 73' lang='grc' dir='ltr'>ειΊὶῑοᾶἰηο,</span> <span class='ocrx_word' id='word_1_362' title='bbox 793 3379 825 3428; x_wconf 82' lang='grc' dir='ltr'>Ν.</span> <span class='ocrx_word' id='word_1_363' title='bbox 845 3380 995 3443; x_wconf 77' lang='lat' dir='ltr'>-seruere,</span> <span class='ocrx_word' id='word_1_364' title='bbox 1007 3382 1037 3432; x_wconf 90' lang='lat' dir='ltr'>P.</span> <span class='ocrx_word' id='word_1_365' title='bbox 1061 3424 1093 3432; x_wconf 85' lang='lat'>..</span> <span class='ocrx_word' id='word_1_366' title='bbox 1116 3393 1237 3448; x_wconf 77' lang='lat' dir='ltr'>expertos,</span> 
     </span>
     <span class='ocr_line' id='line_1_37' title="bbox 116 3441 1238 3513; baseline -0.002 -13"><span class='ocrx_word' id='word_1_367' title='bbox 116 3450 169 3500; x_wconf 83' lang='lat' dir='ltr'>NP</span> <span class='ocrx_word' id='word_1_368' title='bbox 180 3447 283 3511; x_wconf 87' lang='lat' dir='ltr'>(Ambr.</span> <span class='ocrx_word' id='word_1_369' title='bbox 296 3449 317 3498; x_wconf 87' lang='lat' dir='ltr'>L</span> <span class='ocrx_word' id='word_1_370' title='bbox 329 3450 364 3498; x_wconf 91' lang='lat'>11.</span> <span class='ocrx_word' id='word_1_371' title='bbox 376 3443 456 3509; x_wconf 85' lang='grc' dir='ltr'>Βοὴ.)</span> <span class='ocrx_word' id='word_1_372' title='bbox 474 3455 577 3508; x_wconf 79' lang='lat' dir='ltr'>experto,</span> <span class='ocrx_word' id='word_1_373' title='bbox 589 3441 749 3506; x_wconf 69' lang='lat' dir='ltr'>RADadss.</span> <span class='ocrx_word' id='word_1_374' title='bbox 768 3455 887 3512; x_wconf 78' lang='lat' dir='ltr'>expertas,</span> <span class='ocrx_word' id='word_1_375' title='bbox 899 3464 912 3497; x_wconf 92' lang='lat' dir='ltr'>r</span> <span class='ocrx_word' id='word_1_376' title='bbox 923 3445 1004 3512; x_wconf 88' lang='lat' dir='ltr'>(quod</span> <span class='ocrx_word' id='word_1_377' title='bbox 1015 3452 1106 3513; x_wconf 89' lang='lat' dir='ltr'>probat</span> <span class='ocrx_word' id='word_1_378' title='bbox 1116 3452 1194 3500; x_wconf 90' lang='lat' dir='ltr'>Voss.</span> <span class='ocrx_word' id='word_1_379' title='bbox 1207 3453 1238 3500; x_wconf 91' lang='lat' dir='ltr'>de</span> 
     </span>
     <span class='ocr_line' id='line_1_38' title="bbox 116 3512 1237 3580; baseline -0.007 -16"><span class='ocrx_word' id='word_1_380' title='bbox 116 3517 208 3567; x_wconf 87' lang='lat' dir='ltr'>histor.</span> <span class='ocrx_word' id='word_1_381' title='bbox 219 3518 277 3567; x_wconf 90' lang='lat' dir='ltr'>Lat.</span> <span class='ocrx_word' id='word_1_382' title='bbox 292 3523 314 3577; x_wconf 89' lang='lat' dir='ltr'>l,</span> <span class='ocrx_word' id='word_1_383' title='bbox 328 3512 381 3577; x_wconf 79' lang='lat'>26.)</span> <span class='ocrx_word' id='word_1_384' title='bbox 408 3512 716 3578; x_wconf 82' lang='lat' dir='ltr'>expertum‚eodd.Hard.</span> <span class='ocrx_word' id='word_1_385' title='bbox 728 3526 754 3578; x_wconf 73' lang='lat' dir='ltr'>r.</span> <span class='ocrx_word' id='word_1_386' title='bbox 781 3555 813 3563; x_wconf 87' lang='grc'>..</span> <span class='ocrx_word' id='word_1_387' title='bbox 840 3513 971 3567; x_wconf 77' lang='lat' dir='ltr'>inhabitent</span> <span class='ocrx_word' id='word_1_388' title='bbox 982 3514 1012 3578; x_wconf 82' lang='lat' dir='ltr'>ei,</span> <span class='ocrx_word' id='word_1_389' title='bbox 1029 3518 1065 3567; x_wconf 88' lang='lat' dir='ltr'>ita</span> <span class='ocrx_word' id='word_1_390' title='bbox 1076 3532 1124 3567; x_wconf 91' lang='lat' dir='ltr'>nos</span> <span class='ocrx_word' id='word_1_391' title='bbox 1136 3518 1237 3580; x_wconf 77' lang='lat' dir='ltr'>scripsi.</span> 
     </span>
     <span class='ocr_line' id='line_1_39' title="bbox 116 3581 1238 3646; baseline 0 -14"><span class='ocrx_word' id='word_1_392' title='bbox 116 3599 175 3633; x_wconf 86' lang='lat' dir='ltr'>mus</span> <span class='ocrx_word' id='word_1_393' title='bbox 187 3599 220 3634; x_wconf 90' lang='lat' dir='ltr'>ex</span> <span class='ocrx_word' id='word_1_394' title='bbox 230 3584 343 3646; x_wconf 82' lang='lat' dir='ltr'>vestigiis</span> <span class='ocrx_word' id='word_1_395' title='bbox 356 3583 493 3645; x_wconf 87' lang='lat' dir='ltr'>scripturae</span> <span class='ocrx_word' id='word_1_396' title='bbox 505 3581 629 3641; x_wconf 88' lang='lat' dir='ltr'>codicum,</span> <span class='ocrx_word' id='word_1_397' title='bbox 642 3595 750 3643; x_wconf 88' lang='lat' dir='ltr'>quorum</span> <span class='ocrx_word' id='word_1_398' title='bbox 768 3583 839 3644; x_wconf 82' lang='lat' dir='ltr'>origo</span> <span class='ocrx_word' id='word_1_399' title='bbox 856 3598 901 3645; x_wconf 88' lang='lat' dir='ltr'>per</span> <span class='ocrx_word' id='word_1_400' title='bbox 916 3583 989 3632; x_wconf 87' lang='lat' dir='ltr'>illam·</span> <span class='ocrx_word' id='word_1_401' title='bbox 1010 3586 1182 3645; x_wconf 84' lang='lat' dir='ltr'>coniecturam</span> <span class='ocrx_word' id='word_1_402' title='bbox 1199 3583 1238 3633; x_wconf 83' lang='lat' dir='ltr'>ia·</span> 
     </span>
     <span class='ocr_line' id='line_1_40' title="bbox 116 3644 1237 3714; baseline 0.001 -14"><span class='ocrx_word' id='word_1_403' title='bbox 116 3651 213 3700; x_wconf 89' lang='lat' dir='ltr'>eillime</span> <span class='ocrx_word' id='word_1_404' title='bbox 224 3652 376 3714; x_wconf 85' lang='lat' dir='ltr'>explicetur:</span> <span class='ocrx_word' id='word_1_405' title='bbox 389 3648 412 3699; x_wconf 87' lang='lat' dir='ltr'>ei</span> <span class='ocrx_word' id='word_1_406' title='bbox 421 3650 474 3699; x_wconf 86' lang='lat' dir='ltr'>scil.</span> <span class='ocrx_word' id='word_1_407' title='bbox 486 3649 563 3699; x_wconf 89' lang='lat' dir='ltr'>fluvio</span> <span class='ocrx_word' id='word_1_408' title='bbox 576 3648 634 3698; x_wconf 87' lang='lat' dir='ltr'>Ger.</span> <span class='ocrx_word' id='word_1_409' title='bbox 652 3645 795 3709; x_wconf 80' lang='lat' dir='ltr'>inhabitent,</span> <span class='ocrx_word' id='word_1_410' title='bbox 807 3644 917 3713; x_wconf 68' lang='lat' dir='ltr'>Andr,</span> <span class='ocrx_word' id='word_1_411' title='bbox 935 3648 1077 3710; x_wconf 76' lang='lat' dir='ltr'>inhabitant,</span> <span class='ocrx_word' id='word_1_412' title='bbox 1088 3653 1132 3701; x_wconf 90' lang='lat' dir='ltr'>Pa</span> <span class='ocrx_word' id='word_1_413' title='bbox 1144 3648 1237 3713; x_wconf 87' lang='grc' dir='ltr'>(Βοὴ.)</span> 
     </span>
     <span class='ocr_line' id='line_1_41' title="bbox 103 3715 1237 3780; baseline 0.001 -13"><span class='ocrx_word' id='word_1_414' title='bbox 103 3715 278 3780; x_wconf 68' lang='lat' dir='ltr'>inhabitante,</span> <span class='ocrx_word' id='word_1_415' title='bbox 295 3719 356 3768; x_wconf 86' lang='lat' dir='ltr'>RD.</span> <span class='ocrx_word' id='word_1_416' title='bbox 381 3717 517 3766; x_wconf 82' lang='lat' dir='ltr'>inhabitant</span> <span class='ocrx_word' id='word_1_417' title='bbox 528 3715 559 3776; x_wconf 72' lang='grc' dir='ltr'>εἰ,</span> <span class='ocrx_word' id='word_1_418' title='bbox 571 3716 625 3766; x_wconf 83' lang='lat' dir='ltr'>Td.</span> <span class='ocrx_word' id='word_1_419' title='bbox 644 3755 676 3763; x_wconf 89' lang='lat'>..</span> <span class='ocrx_word' id='word_1_420' title='bbox 695 3716 794 3780; x_wconf 62' lang='lat' dir='ltr'>reseas,</span> <span class='ocrx_word' id='word_1_421' title='bbox 806 3717 838 3765; x_wconf 90' lang='grc' dir='ltr'>Β.</span> <span class='ocrx_word' id='word_1_422' title='bbox 857 3756 888 3764; x_wconf 84' lang='grc'>-</span> <span class='ocrx_word' id='word_1_423' title='bbox 906 3717 992 3766; x_wconf 74' lang='lat' dir='ltr'>arictum</span> <span class='ocrx_word' id='word_1_424' title='bbox 1004 3717 1066 3778; x_wconf 77' lang='lat' dir='ltr'>eius,</span> <span class='ocrx_word' id='word_1_425' title='bbox 1078 3718 1237 3768; x_wconf 85' lang='lat' dir='ltr'>RADPad.</span> 
     </span>
     <span class='ocr_line' id='line_1_42' title="bbox 116 3780 1238 3848; baseline 0.001 -14"><span class='ocrx_word' id='word_1_426' title='bbox 116 3786 240 3848; x_wconf 70' lang='lat' dir='ltr'>pennalt.</span> <span class='ocrx_word' id='word_1_427' title='bbox 265 3826 295 3834; x_wconf 82' lang='lat'><em>-</em></span> <span class='ocrx_word' id='word_1_428' title='bbox 319 3785 356 3835; x_wconf 84' lang='lat' dir='ltr'>lis</span> <span class='ocrx_word' id='word_1_429' title='bbox 369 3799 429 3845; x_wconf 79' lang='lat' dir='ltr'>esse,</span> <span class='ocrx_word' id='word_1_430' title='bbox 441 3784 544 3835; x_wconf 86' lang='lat' dir='ltr'>RDad.</span> <span class='ocrx_word' id='word_1_431' title='bbox 563 3781 593 3832; x_wconf 75' lang='lat' dir='ltr'>iis</span> <span class='ocrx_word' id='word_1_432' title='bbox 605 3799 663 3838; x_wconf 82' lang='lat' dir='ltr'>esse,</span> <span class='ocrx_word' id='word_1_433' title='bbox 674 3782 709 3831; x_wconf 88' lang='lat' dir='ltr'>A.</span> <span class='ocrx_word' id='word_1_434' title='bbox 727 3798 779 3832; x_wconf 81' lang='lat' dir='ltr'>esee</span> <span class='ocrx_word' id='word_1_435' title='bbox 791 3780 838 3844; x_wconf 75' lang='lat' dir='ltr'>tis,</span> <span class='ocrx_word' id='word_1_436' title='bbox 849 3783 879 3832; x_wconf 91' lang='lat' dir='ltr'>P.</span> <span class='ocrx_word' id='word_1_437' title='bbox 898 3797 958 3843; x_wconf 77' lang='lat' dir='ltr'>esse,</span> <span class='ocrx_word' id='word_1_438' title='bbox 969 3784 1001 3834; x_wconf 84' lang='lat' dir='ltr'>N.</span> <span class='ocrx_word' id='word_1_439' title='bbox 1029 3824 1061 3833; x_wconf 85' lang='lat'><em>-</em></span> <span class='ocrx_word' id='word_1_440' title='bbox 1088 3793 1109 3834; x_wconf 82' lang='lat' dir='ltr'>et</span> <span class='ocrx_word' id='word_1_441' title='bbox 1128 3783 1238 3848; x_wconf 79' lang='lat' dir='ltr'>dividua,</span> 
     </span>
     <span class='ocr_line' id='line_1_43' title="bbox 117 3847 1011 3912; baseline -0.009 -9"><span class='ocrx_word' id='word_1_442' title='bbox 117 3853 280 3903; x_wconf 82' lang='lat' dir='ltr'>RADNad.</span> <span class='ocrx_word' id='word_1_443' title='bbox 299 3861 321 3902; x_wconf 86' lang='lat' dir='ltr'>et</span> <span class='ocrx_word' id='word_1_444' title='bbox 331 3851 423 3912; x_wconf 84' lang='lat' dir='ltr'>divisa,</span> <span class='ocrx_word' id='word_1_445' title='bbox 434 3852 468 3901; x_wconf 85' lang='lat' dir='ltr'>K.</span> <span class='ocrx_word' id='word_1_446' title='bbox 486 3847 626 3909; x_wconf 79' lang='lat' dir='ltr'>individua,</span> <span class='ocrx_word' id='word_1_447' title='bbox 637 3850 667 3899; x_wconf 86' lang='lat' dir='ltr'>P.</span> <span class='ocrx_word' id='word_1_448' title='bbox 1009 3863 1011 3867; x_wconf 90' lang='lat'>·</span> 
     </span>
    </p>
   </div>
   <div class='ocr_carea' id='block_1_4' title="bbox 111 3908 1238 4379">
    <p class='ocr_par' dir='ltr' id='par_1_4' title="bbox 111 3908 1238 4032">
     <span class='ocr_line' id='line_1_44' title="bbox 111 3908 1238 4032; baseline -0.002 -62"><span class='ocrx_word' id='word_1_449' title='bbox 111 3947 125 3952; x_wconf 94' lang='lat'><em>-</em></span> <span class='ocrx_word' id='word_1_450' title='bbox 153 3918 222 3979; x_wconf 66' lang='lat' dir='ltr'>§ld</span> <span class='ocrx_word' id='word_1_451' title='bbox 244 3918 481 4006; x_wconf 63' lang='lat' dir='ltr'>taurinatense.</span> <span class='ocrx_word' id='word_1_452' title='bbox 500 3908 880 4032; x_wconf 52' lang='grc' dir='ltr'>ἰοοοίο,ΒιὴθΙΞ)1(1ῑὶοοὴ.)-Β</span> <span class='ocrx_word' id='word_1_453' title='bbox 894 3914 1167 4018; x_wconf 37' lang='lat' dir='ltr'>pertenientia?</span> <span class='ocrx_word' id='word_1_454' title='bbox 1188 3919 1238 4000; x_wconf 70' lang='lat' dir='ltr'>Pe-</span> 
     </span>
    </p>

    <p class='ocr_par' dir='ltr' id='par_1_5' title="bbox 118 3985 1238 4119">
     <span class='ocr_line' id='line_1_45' title="bbox 118 3985 1238 4119; baseline 0.001 -16"><span class='ocrx_word' id='word_1_455' title='bbox 118 3985 391 4116; x_wconf 65' lang='lat' dir='ltr'>ittetaittt</span> <span class='ocrx_word' id='word_1_456' title='bbox 402 3989 447 4103; x_wconf 63' lang='lat' dir='ltr'>¹³ss</span> <span class='ocrx_word' id='word_1_457' title='bbox 460 3985 628 4115; x_wconf 69' lang='lat' dir='ltr'>itttttt</span> <span class='ocrx_word' id='word_1_458' title='bbox 644 3999 757 4100; x_wconf 65' lang='lat' dir='ltr'>anui.</span> <span class='ocrx_word' id='word_1_459' title='bbox 776 3986 1118 4116; x_wconf 53' lang='lat' dir='ltr'>iliraitsaii’iabi</span> <span class='ocrx_word' id='word_1_460' title='bbox 1129 3987 1238 4119; x_wconf 51' lang='lat' dir='ltr'>atti</span> 
     </span>
    </p>

    <p class='ocr_par' dir='ltr' id='par_1_6' title="bbox 119 4116 1238 4186">
     <span class='ocr_line' id='line_1_46' title="bbox 119 4116 1238 4186; baseline 0.003 -16"><span class='ocrx_word' id='word_1_461' title='bbox 119 4122 189 4170; x_wconf 83' lang='lat' dir='ltr'>etiam</span> <span class='ocrx_word' id='word_1_462' title='bbox 207 4138 289 4186; x_wconf 84' lang='lat' dir='ltr'>qaam,</span> <span class='ocrx_word' id='word_1_463' title='bbox 305 4122 468 4172; x_wconf 83' lang='lat' dir='ltr'>RADNad.</span> <span class='ocrx_word' id='word_1_464' title='bbox 496 4127 520 4167; x_wconf 90' lang='lat' dir='ltr'>et</span> <span class='ocrx_word' id='word_1_465' title='bbox 535 4127 657 4182; x_wconf 85' lang='lat' dir='ltr'>tamquam</span> <span class='ocrx_word' id='word_1_466' title='bbox 672 4116 710 4178; x_wconf 81' lang='lat' dir='ltr'>de,</span> <span class='ocrx_word' id='word_1_467' title='bbox 724 4117 794 4176; x_wconf 84' lang='grc' dir='ltr'>Βοὴ.</span> <span class='ocrx_word' id='word_1_468' title='bbox 819 4129 901 4181; x_wconf 78' lang='lat' dir='ltr'>qaam,</span> <span class='ocrx_word' id='word_1_469' title='bbox 916 4119 946 4169; x_wconf 93' lang='lat' dir='ltr'>P.</span> <span class='ocrx_word' id='word_1_470' title='bbox 975 4161 1005 4169; x_wconf 82' lang='lat'><em>-</em></span> <span class='ocrx_word' id='word_1_471' title='bbox 1029 4120 1120 4186; x_wconf 81' lang='lat' dir='ltr'>prodit,</span> <span class='ocrx_word' id='word_1_472' title='bbox 1136 4122 1181 4173; x_wconf 73' lang='lat' dir='ltr'>Nl.</span> <span class='ocrx_word' id='word_1_473' title='bbox 1206 4163 1238 4173; x_wconf 92' lang='grc'>..</span> 
     </span>
    </p>

    <p class='ocr_par' dir='ltr' id='par_1_7' title="bbox 118 4179 1239 4379">
     <span class='ocr_line' id='line_1_47' title="bbox 118 4179 1100 4317; baseline -0.004 -13"><span class='ocrx_word' id='word_1_474' title='bbox 118 4179 871 4317; x_wconf 59' lang='lat' dir='ltr'>erraturtractaturu--</span> <span class='ocrx_word' id='word_1_475' title='bbox 891 4187 1100 4252; x_wconf 63' lang='grc' dir='ltr'>οοο</span> 
     </span>
     <span class='ocr_line' id='line_1_48' title="bbox 152 4317 1034 4379; baseline 0.009 -8"><span class='ocrx_word' id='word_1_476' title='bbox 152 4322 228 4372; x_wconf 79' lang='lat' dir='ltr'>Patr.</span> <span class='ocrx_word' id='word_1_477' title='bbox 247 4320 268 4372; x_wconf 90' lang='lat'>1.</span> <span class='ocrx_word' id='word_1_478' title='bbox 995 4317 1034 4379; x_wconf 76' lang='lat'>22</span> 
     </span>
    </p>
   </div>
   <div class='ocr_carea' id='block_1_5' title="bbox 0 0 1371 4710">
    <p class='ocr_par' dir='ltr' id='par_1_8' title="bbox 0 0 1371 4710">
     <span class='ocr_line' id='line_1_49' title="bbox 0 0 1371 4710; baseline 0 0"><span class='ocrx_word' id='word_1_479' title='bbox 0 0 1371 4710; x_wconf 95' lang='lat' dir='ltr'> </span> 
     </span>
    </p>
   </div>
  </div>
 </body>
</html>
