2714 4710
609 312 718 358 mann
739 312 763 358 1.
1191 295 1247 385 ἡ25

127 461 251 538 sicrit0,
284 459 446 540 Nearcho,
480 461 709 550 Megasthene,
742 442 960 550 Diognetum,
994 435 1246 542 Aristocreonte,

88 575 105 582 ·
125 561 244 640 Bione,
278 562 470 643 Dahonc²³‚
508 551 672 629 Simonide
699 564 836 641 minore,
870 562 995 641 Basilo,
1028 563 1246 651 Xenophonte

125 661 397 749 Lampsaceno²⁴.

365 839 515 914 LIBRO
545 840 626 934 VII.
657 839 1014 916 CONTINENTUR

129 964 285 1034 Gentium
306 970 467 1038 mirabiles
492 972 615 1060 figurae
633 979 656 1049 ¹,
689 972 865 1060 prodigiosi
891 981 1017 1058 partus,
1051 973 1093 1037 de
1120 973 1247 1038 homine

125 1071 325 1155 generando,
348 1073 493 1157 pariendi
517 1084 659 1158 tempora
679 1074 898 1158 perinlustria,
928 1075 1075 1159 exempla
1095 1082 1135 1139 a²
1155 1099 1247 1141 men-

125 1170 215 1235 sibus
236 1188 295 1234 VII
312 1173 354 1236 ad
375 1180 475 1252 x111³,
506 1175 598 1261 signa
619 1197 717 1239 sexus
739 1176 773 1238 in
794 1175 935 1262 gravidis
961 1176 1153 1259 pertinentia
1173 1187 1247 1243 ante

124 1283 265 1357 partum,
286 1276 480 1338 monstruosi
501 1286 623 1361 partus,
648 1277 748 1341 excisi
769 1286 871 1353 utero,
895 1277 950 1359 qui
971 1276 1035 1341 sint
1048 1277 1182 1361 vopisci,
1205 1278 1246 1343 de

125 1385 287 1459 conceptu
309 1374 488 1453 hominum,
525 1377 732 1463 generatione
767 1376 963 1456 hominum⁴,
1002 1377 1246 1444 similitudinum

98 1543 100 1545 .
125 1476 289 1559 exempla,
323 1478 600 1542 numerosissimae
629 1479 749 1544 subolis
778 1480 940 1563 exempla,
972 1479 1015 1542 ad
1043 1501 1124 1563 quos
1145 1503 1246 1546 annos

124 1577 290 1661 generatio
299 1584 321 1654 5,
354 1585 522 1642 mensum⁰
542 1579 577 1642 in
606 1578 733 1642 feminis
762 1580 928 1656 miracula,
965 1602 1046 1662 quae
1075 1582 1156 1647 ratio
1186 1604 1245 1669 ge-

123 1678 271 1755 nerandi,
301 1678 453 1743 historica
474 1680 559 1743 circa
580 1679 702 1757 dentis,
732 1679 883 1744 historica
905 1680 989 1744 circa
1009 1681 1154 1759 infantis,
1176 1705 1245 1746 ma—

124 1778 330 1866 gnitudinum
344 1781 501 1866 exempla,
521 1781 730 1866 praeproperi
744 1780 893 1858 infantes,
913 1779 1051 1868 insignia
1065 1803 1244 1866 corporum,

123 1879 211 1943 vires
237 1881 389 1960 eximiae,
423 1883 575 1947 velocitas
603 1881 792 1968 praecipua,
825 1882 913 1946 visus
936 1882 1059 1960 eximii,
1094 1883 1244 1949 auditum

123 1980 330 2060 miraculum,
357 1983 513 2069 patientia
535 1985 691 2068 corporis,
720 1983 888 2061 memoria,
916 1984 1009 2072 vigor
1034 1985 1147 2064 animi,
1177 1987 1243 2052 cle-

48 2110 51 2118 ·
123 2082 254 2161 mentia,
277 2083 395 2150 animi8
416 2086 615 2173 magnitude,
643 2108 751 2150 rerum
772 2074 1084 2174 gestarum'claritas
1107 2109 1240 2165 summa,

124 2195 190 2248 tres
212 2205 354 2250 summae
376 2187 511 2251 virtutes
532 2188 567 2250 in
589 2187 712 2265 eodem,
733 2187 936 2252 innocentia⁹
958 2211 1091 2267 summa,
1112 2188 1241 2254 fortitu-

122 2284 166 2348 do
187 2307 321 2365 summa,
343 2289 473 2377 ingenia
493 2290 667 2375 praecipua
678 2297 713 2367 ¹⁰,
737 2291 792 2372 qui
812 2289 1048 2374 sapientissimi,
1070 2300 1243 2374 praecepta

122 2385 209 2451 vitae
229 2388 410 2468 utilissima,
433 2390 474 2454 de
496 2391 702 2467 divinatione,
730 2391 780 2477 vir
801 2401 952 2474 optumus
974 2391 1144 2468 iudicatus,
1172 2412 1240 2454 ma-

122 2497 234 2553 tronae
248 2491 485 2576 pudicissimae,
507 2514 649 2555 summae
669 2490 797 2577 pietatis
818 2491 974 2575 exempla,
996 2490 1117 2555 artibus
1133 2491 1240 2557 excel·

120 2590 237 2668 lentes,
256 2592 439 2680 astrologia,
454 2593 663 2679 grammatica
672 2595 682 2636 '¹
691 2600 721 2671 ¹,
737 2592 905 2670 medicina,
927 2592 1113 2679 geometria,
1136 2593 1240 2657 archi·

122 2703 263 2771 teatina,
290 2694 433 2778 pictura,
462 2695 638 2780 scalptura,
666 2693 802 2772 aeraria,
830 2692 1050 2772 marmoraria,
1085 2694 1239 2773 eboraria,

122 2794 298 2872 caelatura3
341 2794 446 2881 pretia
471 2794 636 2858 hominum
662 2794 815 2882 insignia,
855 2795 895 2859 de
924 2795 1077 2861 felicitate
1105 2817 1239 2872 summa,

68 2884 74 2888 ’
119 2896 234 2960 raritas
258 2896 503 2961 continuationis
523 2897 557 2960 in
579 2897 721 2974 familiis,
755 2897 918 2961 varietatis
941 2897 1088 2981 exempla
1108 2896 1240 2960 mirabi-

119 2995 178 3082 lia,
200 2995 251 3062 bis
272 2997 488 3083 proscriptus,
510 2997 668 3062 honorum
691 2998 838 3082 exempla
858 2997 1030 3073 mirabilia,
1054 2996 1166 3059 decem
1187 3019 1240 3060 res
1290 3032 1292 3034 v

118 3099 154 3162 in
174 3120 239 3162 uno
262 3098 481 3176 felicissimae,
504 3099 570 3162 divi
592 3097 737 3185 Augusti
759 3097 908 3174 adversa,
933 3117 1013 3180 quos
1035 3097 1072 3160 di‘
1090 3096 1239 3161 felicissi-

119 3220 190 3264 mos
204 3207 228 3243 ¹2
254 3200 512 3277 iudicaverint¹³‚
547 3221 644 3283 quem
670 3198 832 3262 viventem
858 3208 895 3262 ut
921 3198 1019 3262 deum
1046 3198 1107 3265 coli
1132 3197 1236 3262 iusse·
1335 3239 1336 3249 ι

118 3301 233 3380 τὶιιι,14,
257 3301 369 3390 fulgur
390 3300 549 3379 mirabile,
573 3301 613 3365 de
637 3300 750 3385 spatiis
771 3299 856 3366 vitae
877 3300 1087 3390 longissimis,
1118 3300 1159 3364 de
1181 3322 1238 3364 va-

152 3526 197 3574 Ad
208 3526 318 3577 indicem
330 3528 386 3578 libri
398 3526 460 3578 VII.
473 3528 577 3578 adhibui
587 3529 692 3579 RTad.

155 3599 177 3641 1.
189 3593 297 3656 pontium
315 3595 439 3649 rnirnbdes
448 3595 562 3659 flqurne,
574 3610 624 3645 om.
638 3596 669 3646 Τ,
691 3595 742 3646 Sed
753 3597 830 3646 habet
842 3598 919 3646 ctiam
931 3597 1013 3644 codex
1024 3595 1143 3645 Salmasii
1154 3609 1236 3643 exerc

116 3663 292 3724 p.708.aD.
331 3669 355 3716 2.
369 3680 393 3725 u,
406 3679 456 3712 orn.
468 3665 500 3712 R.
540 3670 563 3713 3.
577 3661 662 3724 XIII,
675 3664 726 3712 Ra
745 3661 827 3725 XVI,
841 3665 894 3714 Td.
936 3669 958 3712 4.
971 3661 1012 3710 De
1023 3662 1180 3724 ueneratione
1194 3659 1235 3709 lo-

116 3727 215 3789 minum,
227 3729 280 3780 Ra.
298 3739 321 3779 et
330 3731 495 3794 generatione,
507 3731 561 3780 Td.
578 3790 580 3794 Α
597 3737 619 3780 5.
632 3727 821 3781 Similitudinum
831 3773 862 3781 ..
871 3730 1007 3794 ueneratio,
1019 3729 1069 3778 vid.
1082 3732 1104 3790 7,
1119 3734 1235 3790 50-62,

115 3797 185 3844 unde
201 3796 252 3845 hoc
263 3798 319 3862 ipso
336 3799 422 3847 ordine
434 3799 516 3860 verba,
529 3814 683 3862 quamquam
695 3815 708 3848 e
721 3800 883 3849 deterioribus
896 3800 967 3847 codd.
979 3798 1138 3860 interpolata,
1150 3797 1236 3861 posuit

115 3862 197 3912 nard
214 3861 259 3912 Ad
274 3881 335 3928 quos
348 3881 428 3916 annos
439 3867 572 3929 generatio,
589 3866 805 3916 numerosissimae
818 3866 906 3915 sobolis
919 3864 1036 3928 exempla,
1050 3862 1235 3914 similitudinum

116 3929 237 3994 exempla,
247 3933 348 3982 RTad.
367 3939 389 3982 6.
399 3948 514 3992 mensum,
524 3933 577 3982 Rd.
593 3934 718 3991 mensium,
728 3934 781 3982 Td.
799 3933 859 3981 Vid.
870 3935 902 3982 ad
911 3937 951 3992 33,
963 3935 1019 3981 137.
1050 3935 1071 3981 7.
1082 3935 1190 3991 abemus,
1203 3932 1234 3980 Τ.

116 4004 141 4047 8.
154 3998 240 4059 animi,
252 4001 333 4050 RTa.
352 3999 472 4060 eruanimi,
490 4002 513 4049 d.
550 4005 572 4048 9.
585 3999 729 4060 innocentia,
741 4000 823 4048 RTa.
842 4009 865 4048 st
876 3999 1021 4058 innocentia,
1034 4000 1056 4047 d.
1095 4005 1133 4048 10.
1152 3996 1234 4047 diuer-

115 4080 162 4113 sae
179 4064 269 4115 laudes
284 4067 451 4130 plurimorum,
468 4083 486 4115 r.
525 4073 563 4116 ll.
579 4068 751 4130 grammunea,
768 4083 818 4116 om.
835 4068 937 4116 RTad.
959 4065 991 4114 In
1006 4067 1088 4114 indice
1105 4068 1152 4129 ipsi
1171 4067 1234 4116 libro

114 4135 255 4195 praemisso
267 4137 299 4184 ad
312 4137 450 4198 marginem
464 4135 540 4184 habet
552 4136 576 4184 R
587 4133 619 4183 ab
631 4136 719 4184 eadem
731 4150 807 4184 manu
815 4154 820 4196 3
829 4135 883 4183 ·vid.
898 4137 919 4194 7,
935 4139 990 4183 123.
1016 4140 1053 4182 12.
1068 4131 1234 4199 dmffi'cillimos,

115 4216 138 4249 a
177 4207 218 4251 134
235 4201 417 4264 iudicaverunt,
430 4204 460 4252 T.
499 4208 536 4252 14.
554 4203 687 4264 iusserunt,
700 4203 731 4252 T.
