2714 4710
558 316 774 365 remunero.
1187 303 1225 364 11

103 473 223 543 tarent,
237 486 304 528 non
315 456 527 531 Ciceroniana
540 467 753 552 simplicitate,
767 468 824 552 qui
838 468 879 533 de
893 490 929 533 re
943 466 1073 553 publica
1081 466 1226 534 Platonis

103 596 141 640 se
167 573 319 639 comitem
349 573 531 659 profitetur,
564 576 598 639 iu
625 576 839 642 consolatione
867 576 955 642 filiae·
978 573 1225 665 „Creatorem”

100 683 221 767 inquit,
243 685 417 766 „sequor,’'
439 684 517 748 item
537 683 727 749 Panaetium
748 685 789 751 de
811 685 937 763 officiis,
961 668 1043 769 quae
1065 685 1227 752 volumina

102 791 289 870 ediscenda,
311 813 377 857 non
397 793 493 858 modo
515 793 549 858 in
569 794 716 859 manibus
738 794 854 860 cotidie
868 794 1015 861 habenda
1028 794 1123 859 nosti.
1153 793 1224 861 Ob·
1239 813 1271 858 aa
1299 847 1303 853 .

101 901 194 966 noxii
219 900 365 987 profecto
392 902 489 967 animi
515 912 549 969 et
573 903 712 969 infelicis
738 903 848 992 ingeni
881 913 930 968 est
961 903 1159 989 deprehendi
1190 905 1225 967 in

101 1011 192 1076 furto
213 1011 306 1077 malle
329 1031 426 1095 quam
446 1020 594 1076 mutuum
614 1012 760 1090 reddere,
783 1034 857 1078 cum
877 1012 1068 1098 praesertim
1086 1034 1154 1076 sors
1167 1011 1226 1077 fiat

100 1142 146 1186 ex
165 1141 274 1185 usura.
318 1119 540 1206 Inscriptionis
562 1119 649 1206 apud
671 1118 816 1185 Graecos
836 1120 918 1185 mira
943 1120 1095 1187 felicitasr
1122 1097 1223 1206 nipplou

98 1229 295 1314 inscripsere
323 1227 411 1312 quod
436 1228 587 1295 volebant
610 1229 756 1316 intellegi
782 1229 902 1307 samm,
930 1230 984 1295 alii
1011 1229 1101 1315 κέρας
1128 1231 1223 1314 ἀμαλ-

98 1339 190 1406 aeta
215 1337 302 1422 quod
329 1337 440 1423 copiae
469 1359 584 1418 comu,
616 1347 655 1403 ut
685 1339 738 1404 vel
768 1339 860 1405 lactis
892 1338 1061 1426 gallinacei
1093 1361 1223 1424 sperare

96 1447 208 1534 possis
228 1447 263 1512 in
283 1447 445 1513 volumine
466 1446 626 1526 haustum,
655 1447 750 1525 ἰωνιά,
778 1451 899 1530 μοῦσαι,
927 1447 1099 1527 nundinam,
1128 1449 1222 1533 ἐγχει-

59 1588 63 1594 -
98 1557 192 1641 plora,
218 1557 339 1639 λειμών,
367 1555 462 1634 πίναξ,
490 1556 628 1639 σχεδίων,
650 1555 885 1640 inscriptiones,
908 1567 1041 1642 propter
1062 1579 1142 1641 quas
1164 1581 1221 1623 va·

97 1664 278 1730 dimonium
307 1664 413 1729 deseri
438 1665 550 1749 possit
598 1664 648 1730 At
678 1686 753 1729 oum
783 1663 967 1743 intraveris,
1001 1666 1034 1729 di
1067 1664 1220 1748 deaeque,
1235 1684 1268 1728 aa

97 1794 199 1858 qnam
218 1772 298 1840 nihil
317 1773 352 1839 in
372 1772 480 1841 medio
501 1771 659 1838 inveniesl
702 1771 814 1837 Nostri
836 1773 1024 1851 crassiores3
1047 1772 1220 1856 antiquita

66 1924 70 1931 ·
96 1893 180 1962 tum,
204 1883 423 1968 exemplorum
443 1880 625 1964 artiumque
646 1880 843 1960 facetissimi,
867 1881 1120 1949 lucubrationem
1140 1892 1220 1969 puto

94 2173 448 2240 ofiuocslssimisfflhonunns.
455 2214 482 2222 -
492 2174 699 2239 rescriptoaP...
706 2175 875 2236 nominatos,b.
885 2169 1107 2235 domnamant.
1118 2175 1219 2226 damna

94 2251 141 2304 oe,
153 2242 223 2291 Ρ.-
233 2240 359 2304 meam,
369 2236 497 2291 aanor.
511 2280 541 2290 ..
556 2241 593 2302 ue,
609 2237 938 2304 bo'rPrt(Amb1-.1.11.)
956 2242 981 2292 a
993 2242 1062 2292 ears
1073 2241 1111 2303 a,
1122 2237 1174 2306 or.
1187 2281 1218 2291 -

85 2327 124 2360 se
132 2308 234 2374 publiea
246 2315 269 2370 l,
281 2312 322 2358 49.
337 2348 365 2357 ..
378 2309 535 2372 prmiteretur,
546 2310 576 2359 P.
592 2347 621 2356 -
634 2326 664 2359 ne
680 2309 712 2371 in,
729 2304 759 2359 Δ.
774 2349 803 2358 ..
818 2309 982 2370 consolatione,
994 2325 1019 2359 v.
1031 2309 1122 2370 fragm.
1137 2310 1218 2359 Cicer.

93 2391 122 2440 p.
136 2381 197 2426 489.
208 2376 248 2426 ed.
260 2375 344 2427 Or...
361 2373 508 2437 Orontonem,
519 2371 585 2426 Δ...
596 2375 747 2436 Panaetium,
759 2377 808 2425 vid.
822 2375 1123 2437 0ffi0.111.2‚s..ubiv.
1136 2377 1218 2426 Beier.

93 2458 122 2507 p.
137 2448 197 2493 195.
211 2482 241 2491 ..
254 2443 389 2504 discordo,
401 2444 551 2493 Rhenanus.
563 2444 613 2493 eius
624 2442 760 2503 ediscendo,
771 2438 822 2508 βγ.
835 2444 885 2493 eius
896 2442 1018 2504 discorda,
1030 2438 1121 2492 deA
1135 2441 1218 2507 (Mur-

93 2505 167 2572 hac)
183 2510 244 2639 Vn}
255 2509 336 2562 cicer.
348 2511 430 2561 Acud.
442 2511 490 2561 1v.
503 2516 544 2572 44,
558 2515 615 2560 135.
634 2550 663 2558 ..
683 2511 775 2573 cotidie,
792 2505 812 2558 Δ
832 2508 1000 2573 (antiquiores
1012 2513 1085 2560 codd.
1098 2525 1139 2574 ap.
1152 2513 1217 2562 Res-

92 2579 224 2629 uonicmn.
1293 2620 1306 2638 ,

129 2643 202 2706 §28-
218 2653 261 2707 sot,
273 2646 368 2695 omittit
378 2646 410 2696 T.
425 2685 455 2693 .-
468 2644 539 2695 molle
549 2644 656 2708 infurto,
669 2648 693 2696 d.
707 2685 736 2693 -
750 2654 805 2707 tum,
816 2646 847 2695 P.
863 2684 892 2693 -
911 2662 941 2695 ea
957 2662 1040 2707 usuro,
1059 2660 1136 2709 quam
1154 2647 1217 2695 scri-

92 2720 157 2777 mor
167 2706 290 2762 omdidns
301 2713 392 2763 retinet
399 2727 483 2776 neque
494 2727 553 2762 cum
565 2712 647 2776 capite
655 2713 749 2776 reddit3
761 2714 821 2763 inde
831 2728 900 2763 nova
910 2726 965 2762 sors
979 2714 1066 2775 oritur,
1079 2715 1216 2776 quamiure

92 2788 144 2831 tuo
160 2786 233 2830 mam
249 2780 332 2829 dicere
348 2789 436 2844 potcs3
454 2781 560 2844 proinde
576 2797 652 2830 usuro
668 2781 696 2830 h.
713 2781 731 2829 1.
748 2788 778 2830 ut
789 2795 864 2845 saepe
876 2781 937 2831 alibi
955 2777 1017 2843 (vid.
1035 2778 1132 2841 lexico)
1148 2782 1216 2831 idem

93 2849 168 2911 qnod
187 2864 245 2897 usus
264 2843 434 2914 (Bouana)
449 2886 478 2896 ..
483 2848 617 2913 festivitas,
634 2849 789 2899 Hnrduinus.
798 2848 940 2913 fecunditas
955 2849 997 2897 vel
1014 2849 1090 2898 mirae
1107 2848 1216 2910 datiano,
1245 2900 1249 2905 ,

93 2914 203 2967 Orosius
217 2916 324 2979 prohah.
340 2916 395 2964 crit.
414 2922 437 2966 6.
452 2955 480 2966 ..
499 2915 592 2976 oeriom
608 2924 634 2965 et
649 2917 701 2965 hoc
718 2924 744 2966 et
759 2917 847 2965 omnia
863 2916 1020 2966 Graecorum
1035 2916 1159 2965 librorum
1172 2917 1215 2978 qui

92 2983 123 3034 h.
131 2982 152 3032 l.
160 2983 298 3032 laudantur
307 2983 414 3032 nomina
421 2984 448 3032 in
456 2983 594 3034 Rezzonioi
604 2984 717 3046 meisque
730 2985 803 3032 codd.
817 2984 934 3031 omnibns
943 2982 1041 3032 Latinis
1053 2983 1143 3031 litteris
1156 2991 1216 3032 sunt

91 3044 1215 3181 {theotinis..liliati..‘..tit;ict..ttttttir.,ttt

92 3179 125 3233 Δ.
141 3222 170 3232 -
180 3200 272 3250 possea
284 3186 315 3235 P.
331 3224 358 3233 -
375 3180 479 3244 tosio,
492 3186 528 3234 ite
539 3198 587 3233 nos
599 3184 753 3247 scripsimus.
765 3185 815 3234 iam
826 3184 860 3244 ia,
872 3184 897 3232 b.
910 3184 959 3232 iam
972 3175 1016 3243 ἴα,
1028 3183 1175 3232 Harduinus
1186 3196 1213 3248 γ.

93 3253 146 3302 m
155 3253 215 3314 sont,
225 3245 315 3303 'fild
327 3248 467 3315 (Murano.)
485 3252 541 3312 iant,
558 3247 610 3312 Ρβ.
625 3290 653 3299 ..
668 3267 757 3312 musae,
775 3252 903 3301 Barbarus
914 3251 939 3300 b.
951 3267 1009 3311 mos,
1021 3244 1058 3298 ΔΙ
1071 3248 1213 3313 (Murbae.)

92 3334 146 3380 nos,
156 3320 211 3370 Td.
228 3336 280 3380 uos,
296 3320 327 3369 P.
341 3314 455 3379 ἰαμενὸς
464 3320 506 3368 vel
523 3313 629 3379 ἔασμός,
646 3319 796 3368 Rhenanus.
815 3357 844 3366 ..
859 3317 967 3383 pandite,
979 3318 1010 3367 P.
1025 3356 1055 3366 ..
1069 3319 1212 3380 nutriata,

92 3380 195 3437 hd'l'd.
208 3387 300 3437 enclirr'
309 3387 360 3447 dua,
369 3386 559 3447 Parmeniden,
567 3387 694 3436 Barbarus
705 3403 725 3435 r.
739 3381 955 3452 ἐγχειρίδιον,
968 3381 1020 3450 fir.
1030 3385 1214 3448 ‚limonBar-

92 3447 253 3504 barnsbdd.
265 3453 373 3515 lmonP.
386 3453 456 3516 iinon,
466 3456 539 3503 codd.
548 3454 662 3503 Barbari.
672 3450 821 3513 ..πίναξ,
834 3448 992 3519 clodian,
1005 3453 1042 3502 ite
1052 3468 1101 3504 nos
1113 3455 1213 3518 scripsi-

70 3518 79 3527 '
92 3534 160 3570 inus.
191 3522 198 3535 '
255 3521 373 3582 schedion,
383 3523 435 3572 Td.
443 3522 521 3586 pinon
530 3514 688 3582 ohidmnbd.
695 3523 853 3586 pmaaddion,
859 3516 1090 3581 Ρ.πινακίδιον,β.
1101 3518 1212 3583 πίναξ,

94 3538 248 3654 'lim
264 3588 413 3639 Hurduinus
428 3602 454 3654 γ.
470 3590 509 3640 At
525 3590 589 3637 haec
600 3589 676 3638 lectio
694 3604 739 3653 per
750 3591 927 3652 grammaticam
945 3603 1034 3637 musas
1045 3587 1105 3637 ferri
1116 3590 1213 3650 nequit,

95 3656 164 3737 unde
183 3656 324 3773 {epitimio
348 3657 474 3720 pluralem
494 3665 723 3721 contemporaneorum
748 3658 859 3721 reposui.
881 3696 909 3706 -
934 3656 1107 3720 inscrimionis,
1128 3656 1158 3705 P.
1181 3695 1211 3703 ..

90 3740 179 3789 Μ’

125 3787 143 3850 ᾖ
154 3795 198 3840 94.
215 3790 272 3853 Aia,
283 3791 313 3842 P.
327 3829 355 3838 ..
369 3792 473 3856 inquom,
486 3794 509 3841 d.
523 3831 549 3839 ..
560 3793 700 3857 proniores,
712 3785 831 3842 dedP
844 3790 946 3853 (Ambr.
959 3792 980 3840 Ι.
994 3791 1029 3839 Π.
1041 3788 1126 3840 Vatis.
1139 3795 1212 3840 1954.

95 3862 169 3908 1969.
187 3858 292 3908 Borbor-
309 3861 331 3909 Ι.
348 3860 397 3910 111.
415 3861 503 3909 Escor.
520 3856 569 3919 II.)
579 3861 715 3925 qrossion's,
732 3861 847 3908 Murbac.
863 3896 891 3905 ..
908 3875 979 3922 quam
982 3858 1138 3921 facetissimi,
1149 3859 1212 3908 Bar·

92 3925 168 3975 harus
178 3920 210 3987 β.
221 3926 379 3976 Particulum
397 3927 519 3977 omittunt
530 3929 603 3977 codd.
621 3933 720 3989 praeter
736 3924 938 3975 Escorielensem
955 3927 976 3975 Ι.
990 3939 1087 3974 omnes.
1103 3965 1131 3973 -
1146 3924 1211 3975 lucu.

94 3992 224 4043 mm
235 3994 335 4055 Furius,
346 3994 484 4044 Weiohert.
501 4001 580 4056 poett.
593 3994 650 4042 Lat.
663 4007 688 4056 p.
702 3999 761 4043 944.
775 4031 804 4038 ..
816 4000 873 4056 puto
884 3993 950 4057 quio,
962 3986 1070 4042 bddPr
1082 3990 1212 4053 (Murbao.

95 4062 167 4111 codd.
178 4061 294 4123 Barbari,
307 4061 426 4112 salmasii
437 4062 552 4125 prolegg.
565 4063 597 4110 ad
609 4060 690 4111 Solin.
704 4075 728 4123 p.
740 4056 815 4120 XII.)
824 4069 880 4124 puto
892 4062 934 4124 qui
944 4061 1000 4122 iam,
1010 4061 1040 4109 T.
1052 4060 1105 4109 dico
1118 4061 1160 4124 qui
1168 4062 1211 4121 ait,

95 4126 177 4178 Vatia.
192 4133 266 4180 1950.
281 4134 356 4178 1951.
371 4133 443 4178 1954.
461 4130 550 4179 Esoor.
562 4130 583 4178 1.
597 4128 649 4178 dico
667 4129 732 4192 quio,
749 4127 833 4177 Vatic.
853 4132 926 4178 1953.
944 4136 1001 4193 puto
1013 4128 1060 4191 qui,
1072 4126 1212 4179 Rhenanus

97 4188 123 4253 4.
131 4204 188 4261 μω
198 4205 225 4248 n
234 4198 282 4263 aa,
293 4210 320 4263 r.
332 4206 358 4248 u
368 4196 416 4262 qa,
426 4195 580 4248 unauna.
