2714 4710
140 284 199 348 102
488 297 692 345 nuncnune
715 295 910 343 merocmn

137 450 266 517 tutionis
288 472 460 516 occursuro
481 447 641 513 desiderio
662 447 734 512 finis
756 446 890 513 alicuius
912 457 978 524 aut,
1001 446 1029 512 ei
1050 447 1132 512 haec
1152 446 1261 511 infini-

137 562 341 617 tornaturae
363 550 503 615 omnium
525 547 638 613 artifici
660 549 761 634 possit
782 548 963 635 adsignari,
986 546 1159 613 nunidem
1179 547 1263 613 illud

136 654 169 718 in
191 677 255 718 uno
277 653 404 719 facilius
427 651 469 715 eit
489 649 649 735 intellegi,
681 660 769 714 tento
796 649 984 735 praesertim
1010 670 1117 734 opere.
1154 647 1292 716 Furore

136 766 203 832 cst,
224 754 368 841 profecto
395 752 500 828 furor,
525 751 636 837 egredi
658 774 700 816 ex
722 773 759 816 eo
782 761 830 829 et,
854 761 1017 835 tamquam
1038 749 1258 815 interneciuo

101 861 105 866 ’
136 866 252 920 cuncte
272 855 367 941 plane
389 851 453 916 ium
474 851 1035 930 notaeint,ituscrute1iextere;
1066 850 1262 936 quasivero

135 976 317 1021 mensurum
337 952 437 1019 ullius
461 952 509 1019 rei
535 953 638 1039 poscit
664 975 762 1038 agere
791 953 847 1038 qui
878 952 927 1017 rui
948 952 1072 1018 nesciat
1092 963 1149 1017 eut
1169 964 1263 1018 mens

137 1055 274 1122 hominis
295 1054 406 1120 videre
429 1075 514 1139 quae
535 1053 675 1119 mundns
696 1053 766 1139 ipse
788 1075 852 1119 non
873 1053 989 1139 capiet.

178 1155 222 1220 Π.
268 1156 298 1220 2.
320 1153 473 1222 Formam
502 1155 572 1220 eius
602 1155 635 1217 in
663 1154 804 1240 speciem
829 1155 916 1221 orbie
937 1153 1076 1240 upeoluti
1096 1154 1292 1243 globatamo

137 1279 208 1324 esee
237 1280 354 1323 nomen
380 1257 414 1321 in
441 1255 552 1342 primis
583 1266 615 1320 et
640 1278 813 1321 consensus
834 1256 868 1319 in
891 1279 929 1320 eo
949 1254 1130 1322 mortalium
1151 1255 1263 1322 orbem

136 1359 389 1446 appellantium,
420 1357 478 1421 eed
505 1365 538 1421 et
563 1367 754 1442 argumente
781 1379 888 1421 rerum
910 1357 1047 1435 docent,
1072 1378 1138 1421 non
1159 1357 1263 1421 solum

137 1460 213 1544 quie
235 1460 307 1524 telis
328 1459 434 1547 figure
455 1455 602 1522 omnibus
625 1456 674 1520 sui
696 1456 843 1541 partibus
862 1456 972 1544 'vergit
991 1457 1026 1520 in
1047 1478 1179 1525 scoeec
1200 1457 1263 1549 eibi

138 1562 209 1648 ipsc
232 1560 396 1626 toleranda
418 1567 468 1623 eet
490 1580 589 1642 seque
610 1557 745 1622 includit
766 1568 800 1622 et
821 1558 961 1623 continet
981 1545 1143 1624 nullarum
1160 1552 1263 1647 egene

138 1684 320 1749 conpagum
347 1682 408 1726 nec
428 1659 525 1724 finem
546 1670 602 1722 cut
622 1657 750 1723 initium
771 1658 845 1726 ullis
867 1659 918 1724 sui
938 1656 1083 1746 pertibus
1105 1658 1261 1738 sentiens,

136 1786 197 1829 nec
219 1764 300 1849 quic¹
317 1763 359 1827 ad
380 1772 518 1839 motum,
541 1782 606 1845 quo
628 1759 763 1825 subinde
785 1760 868 1825 verti
888 1782 965 1835 mox
986 1758 1166 1846 adparebit,
1188 1760 1262 1828 talis

137 1864 302 1950 aptissime
323 1872 393 1941 eet,
423 1862 483 1926 sed
504 1863 668 1928 oculorum
690 1883 816 1947 quoqne
837 1859 1024 1947 probatione
1035 1907 1045 1938 ,
1075 1860 1163 1946 quod
1184 1882 1261 1927 con-
1349 1911 1351 1915 -

138 1985 239 2028 vexus
261 1963 451 2047 mediusque
473 1983 675 2047 quacumque
697 1973 866 2041 cernatur,
899 1984 973 2026 cum
999 1961 1033 2027 id
1060 1961 1207 2028 accidere
1226 1961 1262 2026 in
1290 2024 1293 2031 .

138 2063 200 2131 elia
220 2087 285 2128 non
305 2063 406 2148 poenit
427 2062 559 2151 figure,

179 2162 241 2228 ΠΙ.
268 2165 304 2240 ,3.
326 2162 423 2228 Hanc
445 2184 522 2248 ergo
536 2162 671 2227 formem
687 2165 756 2228 eius
771 2174 900 2230 aeterno
916 2175 949 2229 et
962 2164 1142 2248 inrequieto
1156 2165 1291 2231 umbi-o

138 2279 194 2345 tu,
216 2264 420 2332 inenerrabili
444 2264 631 2343 celeritate,
662 2265 778 2352 viginti
805 2276 957 2351 quattuor
982 2265 1133 2333 horarum
1156 2266 1261 2352 tpetio

142 2368 319 2457 circumagi
349 2366 423 2434 eolis
451 2377 581 2433 exortus
609 2377 642 2432 et
669 2388 801 2432 occasus
825 2365 907 2430 haut
933 2366 1068 2433 dubium
1088 2367 1260 2452 reliquere.

136 2467 193 2532 An
221 2469 264 2532 eit
291 2468 456 2534 inmensus
484 2478 518 2533 et
544 2469 617 2534 ideo
645 2479 776 2532 ‘sensum
804 2467 928 2533 aucium
959 2467 1119 2534 excedens
1150 2478 1259 2533 tenue

133 2636 137 2639 -
183 2622 330 2667 occursuro,
349 2609 471 2669 Pdeg.
507 2621 667 2667 occursurae,
692 2624 714 2655 e.
756 2609 806 2657 sint
830 2624 989 2671 occursurae,
1012 2625 1031 2657 r.
1063 2649 1094 2656 ..
1125 2605 1260 2669 desiderio,

135 2743 188 2804 Pg.
207 2748 230 2790 el
242 2737 374 2801 desiderio,
387 2741 461 2790 de.
479 2689 505 2788 li
512 2740 610 2801 ciilerie,
623 2757 645 2790 a.
663 2741 687 2791 ci
699 2738 786 2803 decrit,
798 2759 817 2791 r.
836 2743 1001 2794 scribendum
1012 2743 1111 2793 videtur
1122 2759 1260 2793 occursura

110 2818 114 2825 ·
137 2823 149 2855 e
162 2805 330 2870 desideriunt
339 2823 472 2858 occursura
484 2807 516 2857 eit
528 2808 643 2858 obsolute
652 2813 810 2871 sumendum,
820 2812 873 2860 soil.
882 2812 1028 2861 hominibus
1037 2811 1217 2877 cogitantibus.
1228 2850 1259 2859 ..

137 2942 238 3007 aliquis,
248 2927 269 2994 ¹r.
289 2983 320 2994 ..
339 2940 399 2994 llaec
411 2942 532 3007 infinitas,
544 2945 595 2993 Pd.
614 2943 729 3007 iryiritec
741 2943 809 3006 laec,
821 2961 846 3010 p.
866 2943 909 2995 loe
921 2903 1032 3010 irfiuitie,
1045 2961 1068 2994 c.
1086 2945 1130 2995 loc
1141 2946 1260 3010 irfier'tee,
1314 2937 1315 2940 ¹

136 3013 181 3074 bg.
200 3012 260 3062 laec
271 3011 379 3077 irfinitis,
391 3012 422 3061 Τ.
432 3053 464 3060 -
475 3009 599 3077 artificiis,
612 3011 643 3062 Τ.
655 3053 686 3060 ..
697 3009 760 3061 idem
771 3013 841 3073 illud,
852 3015 896 3062 ed.
917 3012 980 3063 illud
991 3012 1061 3075 idem,
1073 3013 1116 3063 Pb
1121 3008 1187 3076 gest
1191 3027 1216 3078 γ.
1228 3053 1260 3063 .-

137 3078 162 3128 iu
175 3094 232 3140 unc,
245 3081 332 3145 ubdg.
351 3079 430 3142 immo,
441 3081 471 3131 P.
1185 3120 1189 3128 .

170 3145 221 3206 §e
239 3156 298 3196 note
314 3147 374 3208 sint,
390 3149 479 3211 abdg.
501 3147 554 3197 sint
570 3157 636 3207 uota,
652 3143 729 3212 Ρβγ.
749 3187 781 3196 ..
799 3147 885 3209 ullius,
901 3148 1005 3211 elidgp
1022 3145 1154 3210 (Robert.)
1179 3145 1260 3208 illiue,

135 3215 186 3273 Pr,
212 3214 239 3262 in
260 3229 336 3276 quem
356 3215 493 3264 lectionem
511 3215 590 3288 Herd.
611 3215 756 3264 coniectura
775 3216 870 3266 incidit.
890 3256 920 3264 -
939 3223 985 3266 aut
999 3216 1081 3275 miror,
1094 3214 1195 3278 Sng.
1214 3223 1262 3266 eut

136 3307 221 3406 miror,
242 3348 286 3395 ab.
314 3341 606 3423 ayt,1³0e(ss0bert.)
632 3357 677 3398 aut
695 3358 841 3410 muecnrur,
853 3366 873 3399 r.
893 3391 924 3398 -
951 3347 1060 3412 tunore,
1079 3351 1125 3400 ab.
1143 3351 1260 3413 homiues,

137 3412 252 3475 Sngr.
272 3411 379 3462 hommes
388 3422 493 3476 possent,
505 3408 602 3476 Popo
612 3412 743 3478 (Robert)
761 3457 793 3466 ..
811 3416 898 3478 videri,
911 3419 934 3468 d.

171 3478 221 3538 §d
244 3478 377 3542 eleborum,
397 3482 430 3529 K.
460 3520 490 3528 ...
518 3480 589 3543 quod,
610 3482 639 3530 P.
659 3524 690 3531 -
708 3485 771 3548 ipsu,
793 3486 875 3534 omitt.
896 3499 942 3549 gp.
970 3525 1001 3534 ..
1028 3501 1175 3552 cortpequm,
1197 3487 1263 3550 dpae

137 3543 267 3610 (Robert.)
290 3547 447 3614 compayium,
464 3548 508 3596 ab.
531 3550 704 3616 compaqiuum,
720 3546 821 3617 Pgssy.
849 3593 881 3601 -.
907 3551 1041 3611 interitum,
1060 3553 1104 3604 b¹.
1130 3594 1162 3602 ..
1186 3552 1259 3615 uerti,

137 3614 363 3678 STPebdgpre.
385 3615 449 3664 verti
463 3613 548 3665 debeat
563 3626 595 3677 ut,
611 3614 661 3681 βγ.
686 3659 717 3667 ..
740 3635 802 3681 mox,
819 3634 870 3668 om.
882 3620 911 3670 Ρ.
931 3661 962 3668 -
982 3618 1063 3681 vertit,
1075 3635 1100 3683 g.
1120 3662 1152 3670 ..
1167 3623 1259 3686 proea-

137 3681 201 3732 lione
214 3680 258 3732 loc
270 3680 418 3742 declaretur,
430 3697 449 3730 r.
471 3723 500 3730 -
521 3699 656 3745 connexus,
668 3700 693 3748 p.
713 3727 744 3735 -
764 3685 925 3750 quintumque,
937 3689 983 3737 P.-

171 3746 221 3808 §u
249 3748 392 3812 relinquere,
413 3764 437 3812 p.
465 3744 496 3798 ‘-
523 3751 564 3800 An
585 3759 663 3800 eutem
679 3755 720 3813 rit,
732 3770 751 3801 r.
776 3795 806 3802 -
830 3755 956 3815 excedens,
972 3756 1017 3805 Td
1034 3752 1166 3818 (Robert.)
1188 3769 1258 3805 cece·

203 3831 268 3878 focile

138 3884 196 3932 ‹leni-
265 3899 306 3943 ,a.
336 3883 452 3934 excedens
461 3885 550 3948 facile,
574 3886 619 3949 bg.
639 3887 721 3950 seccle
742 3889 869 3950 excedens,
890 3884 945 3950 Ρβ.
975 3931 1005 3938 ..
1034 3898 1139 3952 rotatae,
1152 3891 1257 3940 Barber.

136 3952 222 4011 ub'dg.
242 3957 332 4008 rotatu,
348 3950 380 3999 K.
404 3960 496 4014 rotare,
512 3954 541 4002 P.
567 3995 597 4001 -
620 3954 745 4015 assiduus,
763 3971 781 4004 r.
803 3998 833 4004 ..
844 3957 934 4020 facile,
948 3972 999 4006 om.
1012 3974 1039 4018 e3
1058 3959 1154 4008 addidit
1166 3973 1257 4009 manue

136 4017 222 4066 altera.
247 4058 277 4065 ..
302 4016 421 4080 duxerim,
442 4021 471 4069 P.
496 4062 526 4068 ,.
550 4016 667 4083 Hercule,
688 4025 774 4086 abdg.
801 4024 900 4085 Hercle,
920 4020 996 4087 Pssr.
1017 4066 1047 4072 -
1067 4024 1164 4086 similis,
1175 4025 1205 4075 Ρ.
1225 4066 1255 4076 ..
1284 4022 1290 4038 ⁸

136 4084 223 4142 dulcis,
242 4076 449 4149 TOPabdgrc.
469 4087 542 4147 dulci,
554 4089 658 4138 Burber.
669 4085 698 4151 β.
720 4132 749 4138 ..
770 4090 875 4154 quidam,
890 4086 1056 4154 Oc²bdgrc
1076 4091 1208 4155 quaedem,
1224 4094 1254 4142 Ρ.

136 4151 241 4215 quidem,
254 4168 269 4200 a
280 4147 320 4212 ῐβ.
341 4194 371 4200 -
391 4152 546 4219 intelliquili
556 4172 585 4214 c,
596 4157 625 4205 P.
640 4157 802 4208 incredibilis
814 4159 951 4219 suavitatis,
965 4152 993 4208 θ.
1014 4201 1044 4207 -
1064 4169 1200 4225 conceptue,
1212 4162 1252 4210 αῖ.

136 4227 261 4277 contentus,
281 4219 398 4270 Sabellio.

169 4285 191 4344 ξ.
207 4293 227 4337 7.
252 4287 355 4351 aqimus,
373 4290 475 4341 Barber.
502 4293 567 4353 udg.
600 4291 703 4354 cyimur,
721 4294 793 4344 Pbc.
818 4334 848 4342 ..
873 4295 905 4356 in,
924 4309 974 4345 om.
991 4297 1020 4344 P.
1041 4337 1071 4345 ..
1091 4295 1156 4357 eius,
1171 4294 1200 4348 P.
1220 4335 1251 4344 ..
