2714 4710
172 277 232 342 158
517 293 720 343 urrunnun
742 291 936 339 nrsromsn

169 444 202 508 in
229 455 401 528 quaternas
428 443 564 508 divisere
591 443 701 529 partis,
730 466 770 508 ex
797 442 913 527 quibus
940 452 1012 508 octo
1039 442 1079 507 ab
1106 454 1180 508 ortu
1207 443 1290 508 sini-

169 557 263 623 stras,
288 545 421 610 totidem
442 567 459 610 e
482 544 637 609 contrario
660 545 863 630 appellavere
877 544 1024 622 dextras3
1048 565 1089 608 ex
1104 544 1157 608 his
1171 567 1289 610 maxu-

169 667 220 712 me
248 646 335 712 dirae
362 669 445 730 quae
472 645 720 730 septentrionem
747 646 788 710 ab
817 667 934 710 occasu
961 644 1133 730 attingunt.
1170 645 1289 728 Itaque

168 749 351 834 plmumum
372 746 472 811 refert
493 744 578 810 unde
600 746 746 810 venerint
767 745 900 809 fulmina
920 755 952 809 et
972 767 1036 828 quo
1058 747 1286 811 concesserint.

168 845 348 932 Optumum
371 846 475 911 estin
497 846 656 911 exortivas
678 846 783 911 redire
803 847 913 931 partis.
944 845 1022 910 Ideo
1045 868 1117 911 cum
1140 869 1160 910 a
1180 848 1286 932 prima
1302 865 1348 910 144

169 948 249 1013 caeli
270 957 361 1032 parte
383 947 529 1011 venerint
552 959 585 1011 et
604 947 638 1010 in
661 947 793 1010 eandem
816 945 1041 1032 concesserint,
1065 969 1188 1011 summa
1211 947 1284 1012 feli-

167 1049 245 1113 citas
279 1048 495 1133 portenditur,
530 1048 623 1130 quale
653 1045 761 1111 Sullae
796 1046 945 1111 dictatori
976 1057 1137 1110 ostentum
1171 1048 1284 1113 datum

166 1149 347 1234 accepimus
353 1173 362 1224 3
385 1159 493 1213 cetera
514 1149 615 1233 ipsius
637 1147 748 1211 mundi
769 1148 914 1233 portione
935 1147 1039 1211 minus
1052 1168 1208 1233 prospera
1228 1160 1284 1213 aut

165 1251 245 1314 dira.
268 1249 437 1332 Quaedam
451 1249 580 1335 fulgura
595 1247 761 1312 enuntiare
783 1270 847 1311 non
869 1258 985 1332 putant
1005 1247 1055 1311 fas
1076 1270 1137 1312 nec
1158 1249 1282 1327 audire,

165 1352 390 1436 praeterquam
412 1349 440 1412 si
461 1348 578 1433 hospiti
599 1348 782 1434 indicentur
803 1360 859 1412 aut
881 1347 1015 1432 parenti.
1043 1346 1167 1435 Magna
1186 1349 1284 1414 huius

165 1450 396 1516 observationis
417 1451 551 1526 vanitas,
575 1459 660 1515 tacta
679 1447 813 1513 Iunonis
835 1448 925 1525 aede,
947 1449 1068 1514 Romae
1083 1449 1285 1534 deprehensa

166 1562 215 1616 est
242 1548 364 1616 Scauro
393 1551 522 1617 consule
549 1550 604 1634 qui
633 1570 707 1613 mox
736 1550 887 1634 princeps
923 1549 994 1613 tuit.
1038 1547 1145 1614 Noctu
1176 1550 1283 1638 magis
1299 1568 1346 1612 115

165 1674 262 1736 quam
282 1651 421 1715 interdiu
444 1651 511 1714 sine
535 1649 704 1713 tonitribus
727 1650 879 1736 fulgurat.
907 1648 1020 1714 Unum
1040 1651 1158 1714 animal
1176 1650 1282 1716 homi-

164 1771 237 1818 nem
258 1774 322 1816 non
344 1774 469 1837 semper
492 1750 676 1837 exstinguit,
700 1760 805 1814 cetera
826 1751 920 1826 illico,
942 1750 1028 1815 hunc
1049 1749 1200 1815 videlicet
1222 1772 1282 1815 ns-

165 1865 236 1915 tura
266 1851 425 1916 tribuente
451 1852 613 1926 honorem,
644 1873 716 1914 cum
743 1861 790 1914 tot
815 1851 928 1916 beluae
955 1851 1076 1916 viribus
1103 1861 1280 1935 praestent

164 1948 284 2015 Omnia
305 1951 479 2015 contrarias
501 1950 654 2015 incubant
675 1952 786 2034 partis,
813 1952 908 2015 homo
936 1950 997 2013 nisi
1020 1960 1227 2015 convertatur
1247 1952 1283 2017 in

164 2073 332 2136 percussas
363 2073 427 2115 non
459 2051 609 2135 exspirat.
640 2048 788 2136 Superne
821 2051 877 2114 icti
909 2050 1086 2116 considunt.
1129 2049 1282 2137 Vigilans

164 2152 245 2216 ictus
275 2151 517 2216 conniventibus
550 2151 664 2226 oculis,
700 2151 860 2215 dormiens
890 2152 1075 2237 patentibus
1107 2152 1280 2237 reperitur.

162 2252 334 2319 Hominem
356 2251 402 2315 ita
424 2251 639 2315 exanimatum
661 2273 803 2316 cremare
825 2253 874 2315 ias
900 2274 964 2316 non
991 2263 1048 2330 est,
1077 2252 1171 2316 condi
1195 2263 1282 2316 terra

162 2354 274 2441 religio
305 2353 445 2418 tradidit.
490 2351 620 2417 Nullum
654 2353 771 2418 animal
801 2353 864 2416 nisi
899 2353 1113 2418 exanimatum
1143 2353 1283 2419 fulmine

208 2535 268 2587 orto,
285 2529 333 2576 R¹.
353 2568 385 2576 -
402 2535 465 2587 ortu,
477 2528 545 2577 Ra¹.
565 2534 655 2584 eremit,
673 2521 782 2588 a²dstp
809 2565 841 2573 ..
863 2539 894 2575 er
911 2527 955 2587 bis,
972 2529 1015 2590 ad,
1038 2526 1125 2587 series,
1142 2527 1175 2576 R.
1200 2534 1224 2575 et
1240 2527 1281 2588 iis,

161 2609 185 2643 σ.
208 2635 238 2642 ..
261 2592 331 2642 dirae
348 2609 422 2656 quae,
439 2596 482 2641 ad.
511 2590 621 2654 direque,
642 2593 701 2640 ΒΤ.
733 2590 792 2639 dire
809 2608 884 2654 quoe,
906 2589 957 2656 βγ.
981 2634 1012 2642 ..
1040 2592 1227 2656 septentrionem
1248 2597 1280 2645 ab

163 2677 256 2721 occasu,
276 2677 298 2709 a.
329 2660 515 2723 septemtrionem
537 2660 567 2706 ab
587 2661 630 2708 boo
649 2676 720 2720 casu,
741 2661 772 2708 R.
809 2659 984 2724 septemtriones
1005 2663 1035 2711 ab
1056 2676 1155 2720 occasu,
1177 2663 1202 2710 d.
1230 2676 1281 2726 per

161 2726 336 2792 septemtriones
348 2742 463 2784 occasum,
475 2727 508 2774 K.
524 2766 555 2773 -
573 2725 710 2788 plurimum,
723 2727 774 2774 Td.
791 2726 984 2789 perplurimum,
996 2729 1040 2777 Ra
1053 2724 1185 2789 (Robcrt.)
1197 2723 1226 2789 β.
1247 2769 1279 2777 ..

161 2794 320 2852 revertunt

195 2860 279 2922 5144.
298 2856 669 2921 Ideocum,R²ad(Robert.)
686 2856 766 2919 Ideo,
780 2861 829 2909 R¹.
844 2901 874 2908 ..
888 2860 1049 2922 venerit,R¹.
1064 2863 1234 2922 ..eem,R¹.
1252 2902 1274 2910 -

161 2929 310 2990 concesserit,
319 2930 364 2978 R¹.
375 2970 406 2976 -
413 2927 630 2992 felicitate,R²...
637 2926 801 2990 portenditur,
812 2928 882 2975 R2d.
895 2936 1046 2991 pertentetur,
1053 2929 1077 2976 R
1084 2930 1096 2975 ¹.
1108 2926 1277 2991 pertundetur,

161 2994 281 3059 a(Rob.)
301 3038 331 3046 ..
350 2996 410 3057 sille,
423 2999 447 3045 d.
466 3035 498 3043 ..
516 2992 600 3044 mundi
612 2993 696 3056 ipsius,
709 2996 732 3042 d.
751 3034 782 3041 -
802 3002 843 3042 aut
855 2992 919 3055 dira,
932 2997 1021 3045 ntae.
1040 2992 1137 3054 aredire,
1150 2996 1175 3044 R
1187 2998 1203 3044 ¹.
1219 3012 1278 3060 pre.

160 3082 241 3129 spere.
253 3064 288 3112 At
299 3065 356 3114 dira
369 3060 496 3126 quaedam,
508 3079 528 3111 r.
548 3103 579 3110 ..
589 3061 701 3126 sulpure,
714 3061 738 3109 R
748 3061 763 3108 ¹.
774 3060 892 3123 fulmmu,
904 3063 954 3111 R2.
975 3102 1000 3109 -
1024 3063 1154 3122 enuntiare,
1168 3078 1192 3111 a.
1216 3079 1276 3112 nun·

161 3133 230 3192 tiore,
243 3133 267 3181 Β
279 3129 318 3190 (at
334 3132 383 3180 vid.
393 3131 494 3195 sulpure
514 3130 646 3192 proximae
662 3128 788 3176 varietatis
804 3126 933 3191 lectionis)
951 3131 1020 3178 Tdr.
1040 3169 1071 3176 ..
1089 3127 1174 3193 ospiti,
1192 3131 1225 3183 Β
1245 3169 1274 3179 -

158 3206 286 3262 parentur,
298 3200 348 3247 R¹.
372 3237 403 3244 ..
423 3195 525 3260 Mopso,
540 3198 588 3247 R¹.
608 3235 639 3243 ..
659 3192 783 3258 depressa,
801 3195 894 3245 Sabell.
913 3235 945 3245 ..
963 3195 1066 3256 console,
1082 3196 1132 3244 R¹.
1151 3235 1184 3244 ..
1203 3211 1276 3246 senu-

160 3274 198 3313 tus
207 3265 328 3326 princeps,
339 3263 427 3311 Dalec.
1008 3271 1010 3274 '

194 3329 208 3388 ἓ
223 3335 278 3379 145.
297 3327 424 3388 bominum,
441 3330 488 3377 R't
508 3367 538 3375 -
558 3327 621 3386 iiico,
636 3330 668 3377 Β.
688 3369 719 3376 -
737 3329 805 3388 bunc,
821 3330 845 3379 Β
856 3330 912 3378 ¹ad.
934 3328 998 3389 buic,
1016 3331 1075 3378 R²r
1092 3326 1224 3391 (Robert.)
1242 3370 1275 3379 ..

160 3397 248 3455 beluae,
261 3396 292 3444 Β.
314 3434 338 3441 ..
361 3395 483 3454 incubant,
495 3395 559 3442 ado.
584 3392 711 3453 incubans,
723 3396 754 3443 R.
772 3396 905 3456 concidunt,
917 3411 937 3443 r.
957 3436 989 3443 -
1008 3405 1099 3460 partes,
1112 3397 1274 3447 R¹Ta¹dm

156 3471 236 3527 parte,
248 3462 272 3511 Β
281 3463 296 3510 ¹.
316 3459 342 3507 in
350 3468 442 3524 partes,
456 3456 505 3524 βγ.
523 3460 560 3508 Α1
572 3468 671 3508 constat
686 3462 762 3510 verba
778 3477 791 3510 e
803 3463 1030 3526 praepositionibus
1043 3464 1185 3526 composita
1199 3478 1275 3528 saepe

159 3537 258 3593 practer
268 3543 342 3578 usum
359 3529 489 3589 vulgarem
505 3526 636 3574 admittere
653 3541 739 3576 casum
755 3531 956 3592 praepositionis,
973 3533 1065 3595 quade
1077 3546 1103 3578 re
1116 3531 1146 3580 iis
1159 3547 1226 3593 quae
1241 3533 1275 3580 ad

160 3597 229 3646 Cirin
245 3612 280 3645 vs.
300 3599 321 3644 7.
335 3596 450 3656 congessi
467 3596 522 3643 add.
541 3594 653 3655 inprimis
669 3595 797 3644 Drakenb.
814 3601 846 3646 ad
861 3598 915 3646 Liv.
933 3602 957 3656 2,
974 3598 1014 3646 30.
1032 3599 1089 3645 coll.
1102 3599 1222 3647 Ernestio
1241 3599 1275 3646 ad

159 3667 219 3714 Tac.
232 3665 297 3713 Hist.
315 3670 337 3721 3,
351 3668 391 3711 29.
411 3702 443 3711 ,.
461 3658 528 3710 borno
539 3660 594 3720 nisi,
607 3662 735 3711 STKad.
754 3661 844 3712 bomini
859 3667 888 3723 si,
901 3665 931 3712 Β.
951 3662 1101 3721 1101110111.
1122 3704 1154 3712 ..
1174 3665 1200 3712 in
1215 3679 1273 3729 per·

159 3730 441 3790 11111111,Β5ΤΚο111.
460 3727 486 3777 ei
499 3743 636 3792 percussus,
652 3725 680 3790 β.
700 3770 730 3777 ..
750 3730 867 3793 exspirat,
879 3732 979 3780 RKa2'.
1004 3731 1118 3794 respirat,
1136 3731 1272 3781 811111.

159 3801 278 3863 expirent,
294 3812 317 3845 σ.
338 3838 369 3845 -
387 3794 524 3856 concidunt,
540 3797 644 3845 Robcrt.
668 3797 808 3860 concipiunt,
829 3812 853 3844 σ.
872 3838 903 3845 -
923 3796 1112 3857 conniventibus,
1134 3798 1229 3848 Sabell.
1247 3806 1273 3848 et

157 3867 260 3915 Barbas.
273 3867 296 3913 d.
314 3865 483 3924 coniventibus,
500 3865 548 3912 Ra
572 3863 744 3923 contuentibus,
761 3865 822 3912 R¹a
834 3861 963 3925 (Robert.)
982 3905 1013 3912 -
1032 3865 1175 3928 repperitur,
1188 3867 1220 3915 R.
1239 3905 1272 3914 ..-

157 3950 270 3992 crernare,
283 3934 364 3981 RTd.
382 3932 492 3991 cremari,
509 3926 595 3993 a¹ssp
615 3939 754 3990 crematum,
771 3947 787 3980 a
798 3934 812 3979 ¹.
831 3973 862 3979 -
873 3931 1059 3995 suimintlnrum,
1072 3933 1147 3981 Barb.
1168 3973 1200 3980 ..
1219 3941 1273 3982 sau

159 4000 250 4060 reliquo
262 4013 368 4061 corpore,
380 4000 432 4047 ΒΤ
440 3993 509 4047 (tad.
529 3999 621 4060 reliquo
632 4014 731 4061 corpore
743 4006 806 4056 seint,
817 3994 846 4058 β.

192 4068 213 4128 ξ.
235 4070 289 4112 146.
310 4064 352 4124 iis,
365 4065 430 4114 Rob.
449 4063 497 4121 iis,
515 4065 630 4114 Rad...
651 4065 703 4125 icit,
721 4065 786 4112 Rob.
806 4064 870 4125 sicit,
888 4066 919 4114 Β.
937 4064 1010 4121 iacit,
1023 4065 1098 4114 Tad.
1112 4106 1142 4113 -
1163 4081 1209 4114 nec
1227 4080 1272 4114 un-

159 4148 240 4194 quam,
258 4145 281 4178 σ.
301 4171 332 4179 ..
351 4129 430 4179 altius
450 4132 568 4192 quinque,
585 4131 650 4180 Rob.
670 4172 701 4179 ..
721 4129 855 4192 discendit,
873 4133 922 4182 R¹.
939 4174 970 4180 ..
990 4131 1045 4193 Ido,
1058 4132 1089 4180 R.
1104 4172 1136 4180 ..
1153 4148 1271 4194 specuus,

157 4200 188 4247 R,
211 4239 235 4246 ,
255 4195 374 4259 pellibus,
391 4199 457 4246 Rad
475 4195 566 4260 (Rob.)
584 4214 596 4244 e
611 4196 730 4260 pellibus,
746 4195 795 4261 βγ.
813 4200 852 4248 At
868 4215 891 4248 v.
910 4200 943 4248 ad
961 4203 1002 4259 35,
1021 4203 1060 4247 48.
1080 4239 1111 4246 -
1131 4197 1271 4260 beluarum,

156 4267 187 4314 R.
208 4308 237 4313 .„
266 4263 375 4312 rrzcrinos
394 4263 495 4324 vitulos,
511 4265 544 4312 K.
567 4304 592 4311 -
623 4263 720 4313 animal
736 4280 757 4325 e,
775 4267 809 4312 d²
827 4263 918 4328 (Rob.)
936 4264 1058 4324 animale,
1076 4266 1126 4315 R2.
1145 4266 1270 4329 animare,
