2714 4710
585 295 775 340 ramme.
1160 299 1240 342 xnlx

113 456 176 506 tem
189 449 292 508 vituios
306 450 432 507 marim
445 447 630 525 provocavit3
646 450 694 509 vel
705 444 757 521 32,
770 447 820 508 27.
823 466 833 521 ,
848 449 899 509 ubi
912 448 957 507 Bl
971 451 1094 526 vestigia
1106 441 1195 511 verae
1210 460 1241 509 et

112 556 145 614 in
165 557 270 626 ceteris
288 557 423 615 omnibus
443 556 527 615 codd.
551 565 684 617 servatae
699 567 729 616 et
743 577 761 615 a
774 557 946 617 Dioscorida
960 559 1150 618 confirmatae
1165 562 1240 620 scri·

113 671 222 741 ptnrae
229 665 364 743 frioiiiee
373 664 472 736 habet,
483 682 552 723 cum
561 663 606 722 B²
615 664 711 743 inepte
723 667 870 743 scripserit
876 669 1018 745 fragilem
1033 668 1083 726 vel
1093 664 1146 741 32,
1157 663 1239 742 128,

113 774 248 835 obicum
262 775 353 850 vulgo
365 780 446 841 recte
460 773 604 832 renuatur
616 776 821 852 defervefacta,
841 773 884 832 Β1
898 774 959 834 levi
971 793 1073 834 errore
1086 774 1176 835 habet
1189 779 1241 837 de·

108 887 284 960 sacrosacta,
300 882 380 957 quod
393 901 446 959 per
459 880 502 939 B²
516 883 594 941 male
608 891 654 941 est
667 883 877 959 interpolatum
890 884 921 943 in
935 886 970 943 de
976 888 1064 962 sarra
1071 889 1155 963 factu
1161 909 1173 954 ,·
1192 887 1241 945 vel

114 986 171 1066 35,
187 987 252 1063 38,
273 991 325 1050 nbi
344 1010 400 1068 pro
414 995 489 1051 orcis
502 989 546 1048 B¹
567 992 656 1050 habet
670 994 763 1063 arcia,
784 991 832 1050 B²
847 1009 886 1049 ex
899 991 1120 1069 interpolatione
1134 996 1238 1057 urceis.

114 1100 155 1160 Et
171 1099 230 1158 hae
249 1098 368 1175 quidem
386 1100 548 1158 deteriores
561 1100 711 1158 lectiones
732 1118 838 1158 manus
853 1101 997 1159 secundae
1011 1111 1093 1161 ortae
1107 1111 1190 1177 sunt,
1214 1103 1240 1162 si

115 1209 185 1285 quid
199 1210 299 1280 video,
314 1227 354 1267 ex
366 1207 473 1282 glossis
486 1209 700 1282 marginalibus
714 1207 759 1266 illi
773 1208 867 1267 codici
880 1208 1038 1287 archetypo
1051 1211 1112 1270 iam
1125 1212 1238 1270 adscri-

114 1319 184 1395 ptis,
195 1316 507 1392 undeBembergensis
521 1326 567 1375 est
576 1318 753 1392 descriptus,
765 1335 838 1393 quas
848 1318 996 1389 librarius,
1007 1336 1045 1377 ne
1055 1320 1126 1393 quid
1136 1322 1238 1380 arche·

114 1427 177 1504 typi
194 1427 319 1503 periret,
342 1425 405 1485 sive
425 1425 516 1483 bonas
537 1426 600 1484 sive
619 1427 714 1483 malas
728 1426 852 1502 repetiit
873 1426 954 1486 Hinc
966 1429 1056 1487 huius
1069 1433 1175 1487 manus
1189 1448 1239 1488 se-

114 1537 229 1595 cundae
242 1536 303 1593 duo
316 1552 427 1610 genera
440 1534 644 1607 discernenda,
666 1535 794 1594 altarum
808 1537 1042 1595 emendationum
1055 1556 1160 1596 manus
1173 1539 1237 1616 pri-

114 1662 179 1702 mae
194 1643 308 1702 calamo
321 1643 438 1719 lapsae,
460 1644 588 1701 alterum
601 1642 748 1700 malarum
762 1643 921 1701 lectionum
937 1651 967 1700 et
979 1645 1238 1719 interpolationem

115 1771 153 1811 ex
162 1752 295 1828 margine
302 1751 409 1810 codicis
418 1751 569 1829 archetypi
579 1751 610 1807 in
616 1750 866 1825 Bambergensem
876 1757 1139 1827 transgressam,
1148 1772 1238 1828 quam

115 1879 212 1920 meam
232 1861 405 1920 sententiam
419 1878 438 1917 a
452 1877 525 1918 vero
539 1876 599 1916 non
613 1858 772 1917 abhorrere
786 1858 916 1936 inprimis
929 1859 1003 1919 illud
1017 1863 1051 1921 de
1058 1865 1145 1939 farre
1152 1866 1238 1939 facia

116 1971 220 2030 docere
231 1971 371 2041 ridetur,
390 1968 470 2044 quod
491 1969 637 2043 quomodo
656 1968 751 2054 ipsam
770 1968 877 2026 codicis
895 1970 1046 2047 archetypi
1060 1970 1236 2047 scripturam

115 2079 261 2152 exhibeat,
282 2097 368 2138 nemo
382 2079 691 2150 demonstrabit,-eum
706 2096 771 2136 eam
785 2077 883 2154 potius
896 2077 928 2136 in
942 2080 1129 2156 deferrasocto
1141 2081 1237 2140 inesse

115 2189 155 2247 sit
172 2187 378 2247 certissimum.
403 2189 448 2248 Ut
466 2196 564 2246 tamen
582 2168 708 2246 lectores
727 2187 815 2246 huius
836 2186 972 2246 editionis
985 2189 1132 2261 viderent,
1147 2208 1236 2264 quam

115 2305 269 2356 externam
290 2298 419 2374 speciem
438 2306 563 2372 utraque
583 2303 688 2355 manus
707 2297 738 2353 in
759 2297 857 2354 codice
876 2293 1092 2373 Bambergensi
1111 2317 1184 2374 prae
1196 2317 1236 2357 se

114 2404 215 2477 ferret,
227 2391 396 2482 exemplum
410 2407 478 2471 eius,
486 2405 627 2482 proposui
640 2406 708 2464 h'bri
721 2403 891 2464 xxxvn.
907 2408 939 2475 ἓξ
954 2399 1144 2493 203-2115,
1160 2424 1235 2481 quae

113 2520 192 2573 totae
209 2515 249 2572 ad
266 2515 356 2573 fidem
374 2514 454 2572 illius
474 2523 544 2573 sunt
562 2532 728 2591 expressae.
749 2513 786 2572 In
804 2513 973 2572 universum
987 2521 1086 2572 autem
1099 2514 1234 2574 ccdexB

113 2623 236 2681 summis
250 2623 408 2682 vimutibus
422 2623 538 2695 eminet,
554 2621 714 2681 innumeris
728 2623 801 2681 loeis
816 2627 869 2680 aut
882 2641 983 2681 veram
996 2620 1170 2700 scripturam
1186 2642 1234 2684 ao-

111 2731 159 2790 lus
172 2730 291 2790 exhsstet
304 2742 357 2791 aut
369 2733 475 2790 leviter
489 2731 644 2808 corruptus
658 2731 798 2808 originem
813 2731 996 2809 corruptelae
1006 2739 1173 2792 ceterorum
1184 2752 1233 2793 co·

111 2840 209 2899 dicum
228 2829 383 2930 patefacit,
402 2839 640 2916 interpolationes
659 2857 762 2897 eorum
781 2841 922 2913 ostendit,
941 2859 1036 2917 parva
1055 2841 1233 2918 glossemata
1332 2921 1334 2926 Ι

111 2966 151 3006 ex
174 2949 322 3026 asyndetis
346 2949 531 3025 potissimum
562 2966 622 3006 non
645 2948 800 3007 intellectis
829 2957 896 3007 orta
926 2956 1069 3007 removet.
1112 2948 1160 3008 Ne
1180 2960 1231 3009 ta-
1347 2952 1354 2966 ’

110 3075 178 3115 men
201 3075 288 3116 caeco
313 3057 498 3116 studiosum
518 3074 691 3130 aequamur,
716 3074 775 3113 non
798 3056 886 3114 modo
909 3055 1060 3130 ingentem
1077 3075 1232 3116 numerum

109 3184 244 3226 errorum
264 3184 319 3243 per
337 3154 546 3242 negligentiam
564 3165 675 3223 librarii
691 3171 835 3239 ,natorum
856 3163 959 3237 habet,
981 3183 1048 3223 cum
1068 3173 1098 3224 et
1116 3165 1232 3225 litterae

109 3275 188 3333 male
206 3275 389 3346 omittantur,
409 3276 454 3334 uti
469 3270 525 3348 35,
543 3270 615 3334 142.
635 3292 689 3349 pro
705 3275 736 3330 in
750 3283 812 3332 arte
826 3273 904 3331 male
917 3273 948 3330 in
963 3290 998 3331 eo
1013 3275 1149 3334 sonuit-ur
1163 3278 1231 3347 inte,

108 3391 140 3440 et
150 3383 372 3442 terminationes
386 3402 493 3443 vocum
506 3391 627 3458 propter
641 3382 860 3467 similitudinem
873 3383 993 3441 illarum
1004 3384 1229 3458 confundantur,

108 3492 152 3550 nti
166 3487 220 3564 35,
237 3486 310 3550 141.
330 3493 512 3551 Leontiscum
525 3491 649 3550 Arctum
667 3490 698 3550 in
719 3508 754 3549 ec
774 3492 881 3566 legitur
898 3509 954 3568 pro
966 3494 1136 3554 Leontiecna
1150 3494 1230 3553 Arc-

109 3607 177 3672 tum,
201 3617 305 3658 verum
319 3601 408 3659 etiam
421 3600 716 3671 maicnlrussubinde
729 3600 807 3658 vitiis
821 3599 946 3667 laborat.
974 3602 1054 3660 Nam
1073 3611 1104 3661 et
1121 3602 1230 3660 multas

109 3707 292 3785 corruptelae
305 3710 344 3767 ad
357 3710 493 3793 maiorem
509 3717 633 3768 aetatem
647 3710 813 3769 recedentes
827 3710 925 3781 habet,
940 3711 985 3768 uti
998 3705 1051 3782 32,
1065 3705 1094 3769 5.
1108 3721 1231 3771 ventrem

109 3833 164 3890 pro
183 3817 317 3877 Venerem
337 3836 405 3878 cum
425 3819 554 3877 secunda
574 3818 697 3876 lectione
718 3820 883 3888 invenerim,
905 3813 958 3890 32,
979 3813 1030 3877 13.
1045 3821 1156 3896 pitiioa
1175 3839 1230 3896 pro

109 3925 246 3998 canam,
262 3927 341 4001 quod
355 3927 411 3986 viri
424 3928 500 3986 docti
515 3944 552 3984 ex
566 3924 675 3984 Ovidio
689 3927 801 3984 dudum
815 3936 1020 4002 reposuerunt,
1042 3923 1095 4000 32,
1112 3923 1162 3986 63.
1176 3947 1230 3985 nc-

110 4051 169 4092 mcn
194 4037 339 4094 creatura¹
351 4055 408 4113 pro
432 4037 658 4105 nomenclatura,
677 4028 730 4105 35,
753 4030 784 4092 4.
803 4036 1014 4110 figurabnndne
1037 4039 1156 4096 crimine
1175 4057 1229 4114 pro

109 4142 267 4216 figurarum
282 4146 456 4218 discrimine,
476 4139 528 4217 35,
546 4139 617 4202 144.
633 4145 710 4202 iliam
731 4161 794 4202 cnm
807 4160 862 4220 pro
876 4144 1006 4218 Iliacam,
1026 4151 1057 4202 et
1069 4146 1229 4222 glossema·

511 4261 513 4266 ’
1000 4259 1026 4309 D
