2714 4710
169 281 230 342 148
520 298 722 345 aurursus
746 297 937 344 ursroamn

168 459 201 512 et
223 473 373 514 occasum
396 449 611 526 solstitialem,
640 449 779 532 itemque
806 447 933 513 caecian
959 446 1067 511 media
1087 447 1172 511 inter
1194 448 1285 531 aqui·

166 548 273 614 lonem
306 563 338 616 et
367 563 512 616 exortum
540 550 802 633 aequinoctialem
831 550 872 614 ab
900 559 971 613 ortu
999 547 1174 626 solstitiali,
1209 548 1285 613 item

167 651 355 736 phoenician
370 652 474 717 media
489 651 618 736 regione
634 652 718 715 inter
736 661 839 715 ortum
858 649 1033 714 brumalem
1053 660 1086 713 et
1105 648 1283 726 meridiem,

167 752 244 816 item
273 753 356 817 inter
380 752 445 816 liba
467 762 500 815 et
527 762 641 828 noton‚
678 750 877 836 conpositum
906 773 947 814 cx
973 761 1111 831 utroque
1144 750 1284 814 medium

166 851 251 915 inter
272 853 437 917 meridiem
459 862 492 915 et
512 851 681 915 hibernum
703 851 899 916 occidentem
917 850 1089 915 libonoton.
1112 840 1189 914 ¹Nec
1201 850 1283 914 finis.

166 949 233 1016 Alii
262 953 382 1038 quippe
409 974 519 1030 mesen
546 951 674 1016 nornine
697 952 868 1016 etiamnum
890 951 1041 1016 addidere
1061 951 1146 1015 inter
1165 951 1283 1016 borean

151 1061 199 1116 „et
221 1053 360 1130 caecian,
385 1062 418 1116 et
438 1052 521 1116 inter
544 1075 656 1116 eurum
676 1064 850 1135 notumque
873 1063 1056 1117 euronoton.
1087 1049 1172 1116 Sunt
1187 1053 1283 1117 etiam

167 1153 298 1235 quidam
319 1153 496 1240 peculiares
517 1153 696 1237 quibusque
716 1154 866 1240 gentibus
884 1153 971 1218 venti
984 1175 1049 1216 non
1063 1152 1147 1218 ultra
1161 1163 1283 1218 certum

165 1256 376 1339 procedentes
400 1266 551 1330 tractum,
580 1265 616 1317 ut
638 1254 890 1319 Atheniensibus
916 1253 1019 1318 sciron
1044 1244 1142 1339 paulo
1168 1255 1210 1319 ab
1232 1277 1282 1318 ar-

166 1366 258 1439 geste
274 1355 427 1433 deflexus,
449 1355 590 1437 reliquae
607 1351 764 1419 Graeciae
778 1355 923 1440 ignotus3
947 1354 1044 1421 aliubi
1064 1354 1178 1420 elatior
1198 1355 1281 1420 idern

166 1456 323 1541 olympias
349 1467 492 1520 vocatur.
531 1453 739 1520 Consuetudo
769 1456 915 1520 omnibus
943 1455 993 1520 his
1020 1449 1205 1541 nominibus
1231 1479 1281 1520 ar·
1290 1473 1336 1541 ‚rar

166 1568 280 1641 gesten
309 1557 469 1642 intellegi,
500 1566 533 1620 et
560 1557 690 1621 caecian
720 1557 819 1641 aliqui
847 1568 962 1621 vocant
988 1557 1224 1642 hellespontian
1252 1567 1284 1622 et

167 1658 297 1722 eosdem
313 1658 366 1723 alii
381 1659 483 1723 aliter.
517 1657 609 1720 Idem
630 1658 663 1720 in
684 1655 884 1721 Narbonensi
905 1657 1069 1742 provincia
1091 1657 1284 1723 clarissimus

167 1770 336 1823 ventorum
366 1771 415 1823 est
442 1759 518 1823 circi
544 1781 557 1817 a
582 1780 642 1822 nec
663 1759 729 1821 ullo
756 1757 788 1819 in
811 1756 961 1822 violentia
981 1756 1129 1847 inferior,
1157 1754 1283 1854 OQ

166 1857 356 1942 plerumque
378 1871 464 1922 recta
486 1858 656 1945 Ligustico
677 1857 757 1922 mari
778 1857 961 1943 perferens,
988 1857 1074 1922 idem
1099 1851 1171 1923 non'
1190 1858 1284 1922 modo

167 1955 200 2019 in
228 1956 359 2040 reliquis
386 1958 531 2042 partibus
554 1959 633 2023 caeli
655 1945 802 2044 ignotus,
833 1959 890 2022 sed
911 1982 951 2023 ne
972 1957 1132 2023 Viennam
1154 1958 1284 2042 quidem

168 2055 311 2121 eiusdem
325 2059 507 2142 provinciae
522 2058 634 2123 urbem
650 2050 821 2144 attingens,
844 2059 955 2144 paucis
973 2069 1047 2123 ante
1068 2059 1199 2127 milibus
1216 2059 1284 2146 iugi

166 2157 284 2223 modici
307 2180 441 2223 occursu
463 2169 569 2222 tantus
591 2158 644 2222 ille
666 2172 832 2223 ventorum
854 2159 1019 2224 coercitus.
1046 2159 1091 2222 Et
1111 2171 1237 2226 austros
1250 2160 1285 2224 in

200 2368 399 2426 sairian,R²a'².
419 2367 622 2427 cancian,R¹a¹.
640 2365 779 2427 caleiamd.
798 2367 899 2427 talliam,
907 2368 936 2416 Ρ.
956 2368 1031 2428 Quod
1039 2367 1166 2416 habebant
1173 2362 1219 2432 βγ
1229 2383 1284 2418 οω-

167 2434 236 2493 ciam,
250 2436 387 2484 emendavi.
407 2476 437 2482 ..
456 2433 566 2496 medium,
577 2437 606 2484 P.
627 2476 657 2483 -
676 2438 706 2485 ab
724 2432 777 2484 ortu
792 2432 924 2493 solstitiali,
937 2442 1085 2497 expungunt
1096 2435 1173 2495 Pint,
1185 2435 1284 2495 Dulce,

168 2498 274 2550 Salmas.
288 2517 368 2550 exerc.
381 2517 405 2564 p.
419 2509 476 2552 883.
489 2518 511 2551 a.
523 2504 552 2551 F.
568 2543 597 2549 -
611 2504 672 2563 item,
684 2504 732 2552 Ra
747 2501 834 2553 Omitt.
846 2496 963 2566 Padfir.
978 2543 1008 2549 ,
1018 2500 1177 2565 phoenician,
1189 2503 1227 2552 its
1236 2517 1285 2551 nos

168 2567 312 2629 scripsimus
331 2569 388 2615 coll.
404 2569 536 2616 Aristotel.
552 2571 658 2618 Meteor.
672 2576 695 2629 2,
709 2576 731 2618 6.
748 2585 773 2632 p.
786 2575 860 2626 364³,
873 2575 896 2618 4.
916 2566 1079 2632 phoeniceas,
1094 2563 1124 2629 β.
1145 2568 1284 2632 poenitum,

168 2636 191 2681 d.
209 2632 337 2695 phoenica,
350 2635 422 2682 Rae.
438 2636 533 2697 pertica,
545 2637 574 2683 P.
590 2636 709 2699 peniram,
722 2638 753 2684 T.
768 2638 911 2700 phoenicem,
923 2637 1001 2686 Hard.
1013 2649 1038 2700 γ.
1060 2635 1120 2684 Vid.
1138 2635 1242 2685 Gonelli
1256 2637 1284 2686 in

167 2699 255 2747 Wolfii
267 2700 350 2748 annal.
372 2706 395 2759 2,
416 2706 473 2749 483.
493 2741 524 2748 ..
542 2705 669 2765 repionem,
685 2705 734 2752 R¹.
756 2745 786 2751 -
805 2703 879 2768 libpa,
900 2705 929 2752 P.
949 2743 979 2751 ..
998 2711 1075 2762 notan,
1091 2719 1113 2751 a.
1132 2711 1221 2764 notum,
1232 2705 1283 2752 13¹.

168 2764 274 2826 nothum,
286 2767 378 2816 lt-’Pa
399 2807 429 2814 ..
448 2767 577 2828 libonotus,
590 2771 729 2818 Pintianus.
749 2770 883 2830 libonotum,
895 2771 940 2819 R¹.
960 2768 1100 2830 libonotum,
1112 2772 1156 2820 Ra
1176 2763 1290 2838 labanosls

168 2841 252 2893 totum,
264 2837 288 2882 d.
307 2833 389 2883 etltba
402 2842 548 2895 etpotamo.
567 2845 591 2884 et
603 2836 654 2886 liba
666 2847 688 2885 et
700 2847 765 2895 nota,
777 2839 805 2885 P.
826 2878 856 2885 -
875 2855 960 2897 mesen,
978 2853 1001 2886 a.
1024 2851 1125 2897 messan,
1142 2834 1197 2886 Bd.
1221 2853 1284 2887 mes-

166 2918 223 2962 sem,
234 2903 264 2950 Ρ.
284 2943 315 2949 -
334 2903 475 2962 etiamnunc,
487 2905 510 2952 d.
529 2911 552 2952 et
564 2904 670 2963 nannum,
682 2905 714 2953 R.
734 2946 764 2952 -
783 2905 886 2965 boream,
898 2907 921 2952 d.
941 2945 971 2952 ..
995 2912 1016 2952 et
1026 2903 1136 2963 caecian,
1148 2920 1172 2953 a.
1192 2913 1216 2953 et
1230 2903 1283 2954 cal·

167 2968 231 3030 etan,
243 2971 287 3018 nt.
306 2979 327 3019 et
338 2971 442 3030 calliam,
455 2973 490 3019 d2.
510 2979 532 3018 et
544 2969 650 3032 talaiam,
661 2973 691 3020 P.
710 2973 798 3021 Omitt.
815 2971 897 3020 R¹d¹.
917 3013 947 3019 ..
965 2972 1061 3031 circum,
1078 2972 1108 3019 P.
1132 3012 1164 3020 -
1189 2980 1282 3022 notum·

167 3053 220 3098 que,
237 3038 309 3087 Rari.
333 3047 358 3086 et
369 3037 474 3099 nothum,
486 3040 515 3087 Ρ.
534 3048 556 3087 et
568 3046 648 3099 notan,
659 3034 708 3102 βγ.
730 3080 759 3086 -
778 3046 919 3098 euronoton,
931 3039 967 3087 ita
978 3054 1024 3087 nos
1040 3039 1193 3100 scripsimus.
1212 3054 1283 3088 euro·

165 3112 251 3165 notem,
272 3120 295 3153 σ.
324 3117 468 3167 euronotum,
488 3109 563 3156 Rad.
590 3109 753 3166 euronothmr,
773 3108 803 3155 P.
831 3147 861 3153 -
889 3105 969 3165 etiam,
988 3106 1018 3154 P.
1041 3105 1109 3165 enim,
1126 3107 1230 3155 RTad.
1249 3147 1281 3155 -

164 3171 251 3231 seiron,
264 3172 338 3220 Rad.
357 3190 438 3236 syron,
452 3188 474 3221 σ.
495 3173 601 3234 schiron,
613 3175 716 3222 Robcrt.
735 3174 826 3234 chiron,
838 3174 866 3221 P.
885 3214 916 3221 -
933 3172 1015 3236 paulo,
1032 3172 1149 3222 RPadr.
1169 3171 1282 3237 paulum,

163 3237 267 3285 Robert.
278 3233 328 3301 βγ.
348 3279 379 3286 -
398 3249 497 3302 erpeste,
509 3243 538 3289 P.
553 3281 582 3288 ..
603 3241 723 3303 daturus,
736 3258 759 3289 a.
773 3282 804 3288 ..
823 3240 938 3303 reliquae,
951 3241 1031 3288 omitt.
1044 3240 1068 3287 R
1078 3241 1127 3288 ¹a¹.
1142 3281 1174 3287 -
1193 3238 1281 3302 aliubi,

163 3304 235 3351 Rad.
259 3301 356 3364 alicubi,
373 3306 402 3354 P.
425 3305 486 3354 alibi
502 3306 548 3366 ubi,
565 3324 584 3354 r.
609 3348 640 3355 -
664 3307 761 3367 elatior,
778 3308 822 3356 aa
846 3307 929 3367 elater,
945 3309 990 3356 R¹.
1014 3307 1100 3365 elatus,
1118 3303 1282 3368 ad(dusin

161 3367 270 3430 rasura.)
288 3370 393 3431 delatus,
405 3373 434 3421 P.

195 3437 210 3498 ξ
224 3441 279 3485 121.
297 3436 336 3485 ln's
345 3436 458 3495 omnibus,
467 3436 497 3484 P.
507 3476 537 3483 -
549 3446 673 3500 arpesten,
683 3443 726 3488 ad.
737 3449 863 3503 aspectam,
873 3443 952 3491 RPo.
964 3482 994 3489 ..
1010 3439 1124 3504 intellepi,
1133 3442 1188 3490 Ra.
1206 3439 1280 3491 tetel-

161 3499 214 3565 lipt',
225 3505 264 3551 dr.
280 3500 405 3566 intellipit,
416 3499 468 3567 pir.
484 3503 541 3551 Om.
550 3504 579 3552 Ρ.
593 3505 761 3555 Accusativus
772 3523 792 3556 c.
803 3510 926 3558 infinitivo
940 3513 1032 3571 pendet
1043 3510 1074 3558 ab
1083 3508 1215 3557 locutione
1223 3525 1279 3558 con-

151 3566 264 3619 'suetudo
273 3570 326 3618 scil.
339 3571 447 3632 est5vid.
457 3571 490 3618 ad
500 3575 541 3631 32,
553 3573 592 3620 79.
606 3613 637 3620 -
651 3573 758 3633 calcian,
770 3577 801 3624 R.
814 3575 909 3637 thalon,
918 3578 946 3625 P.
961 3617 992 3624 ..
1005 3575 1130 3634 invocant,
1138 3576 1168 3624 P.
1184 3617 1216 3624 -
1228 3573 1279 3626 hcl·

160 3635 304 3700 hespontian,
313 3638 358 3686 12².
368 3635 534 3700 hellespontia,
543 3639 614 3688 R'P.
626 3637 821 3703 hellespontiam,
831 3644 948 3707 STadp.
958 3643 1168 3705 hellesponticum.
1180 3683 1211 3690 ..
1221 3640 1279 3704 alit,

158 3705 211 3753 ΒΤ
221 3696 271 3754 θᾰ.
286 3705 353 3765 alebi,
362 3700 460 3767 Passr.
474 3745 505 3752 ..
518 3704 587 3766 Item,
597 3708 701 3756 Robert.
716 3749 746 3756 ..
761 3708 816 3770 ullo,
826 3712 878 3760 ΒΤ
888 3703 975 3759 OPad
991 3707 1120 3772 (Robert.)
1135 3707 1190 3769 ulli,
1201 3705 1231 3771 β.
1245 3750 1279 3759 -

159 3770 193 3831 in,
214 3763 343 3822 RTOPd
364 3768 493 3834 (Robert.)
515 3773 603 3824 Omitt.
624 3771 723 3839 Passr.
752 3817 782 3824 -
810 3777 865 3838 esti,
886 3792 910 3825 σ.
928 3779 1085 3839 hostiamque,
1098 3777 1127 3826 P.
1147 3817 1179 3824 ..
1199 3785 1279 3837 recta,

158 3853 180 3886 a.
199 3847 271 3899 resto,
287 3840 429 3889 RTPdro
442 3837 581 3903 (Kobara),
605 3845 681 3903 quod,
699 3844 757 3891 licet
774 3851 813 3892 tot
825 3846 940 3893 codicum
952 3846 1099 3893 auctoritate
1111 3845 1239 3892 munitum
1252 3854 1280 3894 et

157 3920 173 3952 a
186 3906 288 3968 Papirio
300 3907 360 3968 Dig.
371 3913 411 3967 49,
422 3914 445 3967 1,
455 3914 494 3957 21.
508 3919 533 3958 et
545 3909 656 3973 inscript.
668 3909 765 3960 Gruter.
777 3917 833 3972 611,
845 3918 883 3960 13.
893 3920 1049 3974 usurpatum,
1061 3912 1172 3973 recipere
1190 3919 1280 3961 tamen

156 3985 208 4020 non
228 3989 284 4021 sum
304 3989 388 4023 ausus.
416 4015 447 4022 ..
474 3976 570 4038 ipnotns
591 3987 626 4025 est
646 3976 696 4037 sed,
717 3978 769 4026 RT
779 3970 1025 4043 OPadr(Rob.)7.
1045 4021 1076 4027 ..
1095 3977 1210 4038 eiusdem,
1224 3993 1279 4028 om.

151 4036 200 4103 ἱ111.
214 4081 245 4088 -
257 4040 364 4090 millibus
377 4038 423 4102 (sc.
436 4042 577 4106 passuum),
586 4047 618 4093 K.
637 4044 696 4103 anili,
709 4045 746 4092 R²
759 4042 820 4105 (nisi
832 4044 929 4095 milibus
941 4047 968 4094 in
980 4048 1067 4095 codice
1079 4043 1184 4108 exstat).
1203 4043 1283 4095 militi

155 4099 371 4170 (aumilt'tibusi),
388 4108 435 4157 R'.
460 4109 580 4171 limitibus,
596 4113 660 4161 Pad
675 4108 767 4173 (Rob.)
783 4109 833 4176 fir.
853 4154 884 4160 -
903 4112 988 4173 medio,
999 4115 1029 4162 P.
1049 4155 1080 4162 ..
1098 4129 1212 4171 occursu,
1224 4114 1280 4163 ΒΡ

155 4168 284 4235 (Robert.)
311 4192 436 4236 occursus,
458 4178 531 4226 Tad.
559 4219 589 4225 -
618 4187 750 4238 uentorum,
771 4181 864 4228 RPad
886 4178 1015 4242 (Robcrt.)
1044 4190 1135 4240 ventus,
1156 4173 1217 4230 θΚ.
1243 4220 1277 4230 .-

153 4239 280 4301 coercitam,
294 4241 332 4290 a¹.
354 4239 457 4304 Circius,
474 4245 605 4293 TRPa²d
623 4242 753 4306 (Robert.)
775 4256 909 4306 coercetur,
930 4240 1008 4311 0117.
1028 4289 1059 4296 -
1079 4257 1171 4307 austra
1189 4249 1222 4298 B.
1242 4289 1278 4297 -
