2714 4710
342 299 413 348 mn.
429 301 466 347 11.
495 300 573 348 511.
588 302 780 348 xxm-nn.
812 300 909 348 51155.
924 304 1015 348 55-5.
1172 285 1233 350 155

161 450 219 516 LI.
253 452 304 518 52.
326 449 513 516 Fulminum
534 451 677 536 ipsorum
698 451 792 536 plura
806 474 925 538 genera
940 453 1117 517 traduntur.
1140 451 1233 533 Quae
1249 467 1295 515 157

118 553 202 619 sicca
222 551 366 630 veniunt,
397 574 461 617 non
483 551 623 616 adurunt
644 552 701 616 sed
727 553 893 638 dissipant,
922 574 1004 636 quae
1024 551 1143 630 umida,
1170 573 1234 617 non

115 662 215 716 urunt
236 651 294 716 sed
314 652 485 717 infuscant.
508 650 654 717 Tertium
676 654 832 738 estquod
854 651 975 718 clarum
995 654 1120 730 vocant,
1142 652 1231 717 miri·
1255 725 1257 728 Α

115 751 197 818 flcae
218 773 367 817 maxume
389 763 532 830 naturae,
563 774 626 836 quo
649 751 733 818 dolia
755 753 986 819 exhauriuntur
1005 752 1133 817 intactis
1155 774 1233 837 ope-

115 851 261 918 rimentis
294 852 445 935 nulloque
476 852 538 915 alio
571 852 707 938 vestigio
738 852 858 917 relicta.
901 852 1027 916 Aurum
1055 863 1088 917 et
1118 875 1174 918 aes
1202 864 1235 918 et

116 963 286 1040 argentum
307 951 448 1037 liquatur
468 952 565 1030 intus,
594 952 727 1018 sacculis
754 952 833 1037 ipsis
854 954 940 1019 nullo
962 953 1056 1016 modo
1078 951 1234 1016 ambustis

115 1075 155 1118 uc
176 1075 218 1118 ne
240 1052 373 1118 contuso
395 1052 525 1136 quidem
547 1052 638 1138 signo
660 1076 762 1118 cerae.
799 1052 924 1118 Marcia
945 1053 1093 1138 princeps
1114 1050 1233 1117 Roma-

115 1175 231 1218 narum
251 1153 315 1218 icta
335 1151 481 1240 gravida,
504 1163 600 1236 partu
621 1153 811 1230 exanimato,
833 1153 904 1238 ipsa
926 1153 1005 1218 citra
1025 1153 1125 1216 ullum
1146 1152 1235 1220 aliud
1287 1166 1288 1173 ’

115 1252 352 1320 incommodum
381 1252 471 1316 vixit.
507 1251 547 1315 In
570 1249 766 1318 Catilinariis
793 1253 949 1341 prodigiis
970 1251 1165 1338 Pompeiano
1193 1275 1234 1318 ex

115 1352 289 1438 municipio
303 1350 353 1416 M.
367 1351 553 1417 Herennius
572 1351 704 1419 'decurio
726 1374 838 1419 sereno
860 1353 913 1418 die
928 1352 1061 1420 fulmine
1074 1352 1159 1418 ictus
1173 1363 1233 1418 est.

156 1450 233 1518 LII.
268 1452 319 1518 53.
346 1451 526 1517 ’1555515111
545 1452 672 1519 litterae
697 1474 812 1519 novem
835 1454 911 1520 deos
934 1453 1077 1519 emittere
1099 1452 1295 1518 fulminaret
1352 1531 1355 1536 .

117 1552 313 1620 existumant
335 1574 436 1637 eaque
459 1574 530 1618 esse
550 1553 701 1618 undecim
721 1577 893 1641 generum,
914 1554 1026 1618 Iovem
1047 1552 1132 1619 enim
1149 1553 1233 1616 trina

115 1652 259 1719 iaculari.
290 1652 429 1718 Romani
449 1653 513 1718 duo
536 1663 660 1717 tantum
681 1674 721 1718 ex
742 1652 784 1736 iis
804 1674 983 1730 servavere,
1006 1651 1120 1716 diurna
1140 1651 1232 1716 attri-

116 1754 252 1821 buentes
277 1752 365 1832 Iovi,
393 1763 548 1820 nocturna
576 1749 769 1832 Summano,
799 1754 919 1820 rariora
948 1773 1024 1817 sane
1051 1751 1164 1817 eadem
1191 1749 1232 1814 de

115 1877 213 1921 55555
233 1853 411 1942 frigidioris
432 1852 521 1918 caeli.
549 1851 680 1934 Etruria
701 1876 868 1939 erumpere
890 1865 975 1919 terra
996 1873 1123 1937 quoque
1144 1849 1231 1917 arbi-

117 1966 228 2034 tratur,
257 1975 342 2039 quae
368 1954 472 2018 infera
501 1954 650 2040 appellat,
678 1953 814 2020 brumali
841 1967 984 2042 tempore
1011 1953 1106 2034 facta,
1134 1970 1231 2020 saeva

115 2076 265 2120 maxume
288 2064 321 2119 et
342 2053 561 2132 exsecrabilia,
591 2076 665 2119 cum
693 2055 757 2120 sint
777 2056 882 2123 omnia
908 2079 991 2141 quae
1013 2067 1138 2121 terrena
1161 2057 1230 2121 exi·

116 2165 258 2222 stumant
285 2176 349 2218 non
374 2155 429 2219 illa
450 2155 611 2240 generalia
628 2179 692 2220 ,nec
714 2180 733 2221 a
755 2149 911 2223 sideribus
933 2157 1093 2223 venientia
1110 2156 1167 2223 sed
1190 2181 1230 2224 ex

116 2277 272 2342 proxuma
286 2264 382 2339 atque
397 2255 571 2320 turbidiore
585 2268 709 2320 natura.
731 2255 967 2345 Argumentum
982 2258 1124 2335 evidens,
1145 2257 1231 2341 quod

115 2356 222 2421 omnia
249 2355 414 2441 superiora
441 2378 459 2420 5
490 2357 578 2427 55515
606 2356 787 2420 decidentia
815 2357 961 2442 obliquos
989 2357 1110 2423 habent
1135 2357 1230 2435 ictus,

115 2562 150 2615 ud
160 2572 270 2630 teporeru,
282 2564 371 2615 R'2Pa
388 2560 473 2626 (codd.
487 2561 557 2625 Gal.)
573 2563 611 2614 ‘ad
627 2574 714 2630 tepore,
727 2569 751 2618 R
761 2569 774 2615 ¹.
794 2583 811 2616 5
823 2574 912 2631 tepore,
922 2566 974 2616 Td.
990 2606 1021 2616 ..
1035 2565 1228 2629 55515555155.

116 2635 182 2692 urbs,
194 2633 223 2681 P.
242 2672 274 2680 -
292 2641 321 2692 et,
334 2633 416 2681 omitt.
428 2633 450 2682 P
462 2628 592 2694 (Robert.)
610 2673 642 2681 ..
661 2632 745 2694 iurta;
762 2636 822 2684 huic
836 2635 895 2685 voci
906 2636 1103 2699 suprascriptum
1118 2635 1157 2685 uel
1173 2649 1229 2684 con-

115 2706 156 2748 tra
167 2715 184 2749 a
194 2700 316 2749 Rcberto.
330 2740 361 2747 -
374 2697 473 2748 hiemem
485 2708 508 2748 et
519 2708 639 2761 aestatem,
651 2700 704 2750 Ta
717 2702 875 2768 -fulporat,
887 2703 919 2752 R.
932 2743 964 2751 -
976 2704 1010 2764 ia,
1023 2705 1104 2752 omitt.
1116 2704 1163 2754 Ra
1172 2704 1186 2751 ¹.
1198 2743 1229 2751 ..

114 2765 163 2814 situ
176 2766 263 2826 evenit,
280 2782 293 2814 r
304 2762 433 2828 (Robert.)

147 2835 233 2896 §137-
250 2834 355 2894 lamere,
371 2836 403 2883 R.
419 2833 526 2896 firminis,
543 2835 622 2883 Hard.
641 2849 674 2884 cx
684 2836 790 2886 Aristot.
800 2839 907 2886 Mereor.
924 2842 984 2900 3,1.
1002 2851 1027 2900 p.
1045 2841 1119 2898 371³,
1137 2843 1178 2886 2ο.
1197 2877 1229 2884 -

114 2897 230 2961 adurunt,
245 2901 268 2949 P
288 2898 418 2962 (Robert.)
436 2941 467 2948 ..
486 2901 619 2964 aurificae,
636 2916 659 2950 σ.
679 2943 710 2952 ..
733 2901 797 2968 qaod
813 2904 870 2962 clia,
886 2904 918 2952 R.
938 2942 969 2950 -
992 2905 1163 2962 excoriantur,
1180 2903 1229 2951 Ra

114 2966 265 3029 exoriuntur,
277 2970 302 3017 R
313 2971 326 3015 ¹.
340 3009 372 3016 -
389 2970 479 3028 utactio,
492 2969 516 3018 R
526 2970 540 3016 ¹.
554 3009 586 3018 ..
604 2969 776 3031 iuperimectis,
788 2971 813 3018 R
822 2972 837 3017 ¹.
851 3009 882 3016 ..
895 2969 958 3017 intua
970 2968 1083 3030 liquatur,
1097 2972 1120 3017 d.
1140 2983 1229 3031 arpen-

113 3042 162 3083 tum
173 3035 295 3099 sipontum
307 3037 387 3084 uritur
401 3037 475 3096 intus,
488 3035 620 3085 d'Orleuns
637 3037 670 3084 ad
682 3037 763 3084 Tacit.
775 3037 843 3085 Hist.
861 3041 883 3082 2.
903 3074 934 3082 ..
952 3034 1044 3095 seculis,
1055 3034 1107 3083 R¹.
1127 3075 1158 3082 ..
1176 3051 1229 3083 555-

105 3101 183 3162 fusie,
195 3102 227 3150 R
247 3142 278 3150 -
296 3102 367 3161 suno,
380 3104 411 3150 R.
431 3142 461 3149 -
480 3099 658 3160 Romanarum,
670 3103 746 3152 R2P.
769 3099 1229 3163 11555551551111511561511511.)

112 3168 377 3218 051515515511111555
393 3170 469 3216 verba
484 3169 584 3217 nullum
597 3175 685 3231 aptum
702 3183 804 3218 sensum
819 3168 955 3231 praebeant
971 3175 997 3217 et
1012 3183 1087 3217 nemo
1099 3183 1229 3231 umquam,
1256 3221 1259 3223 ,

111 3236 148 3284 uti
160 3250 229 3284 nunc
240 3250 280 3284 res
297 3243 341 3296 est,
359 3228 522 3298 expediturus
539 3236 579 3297 sit,
597 3235 727 3297 quomodo
743 3235 838 3285 femina
855 3235 940 3297 aliqua
956 3236 1005 3284 dici
1021 3237 1102 3299 possit
1115 3237 1228 3300 princeps

111 3299 286 3361 Rornanorum,
303 3299 375 3364 (nam
388 3317 453 3364 quac
468 3302 515 3350 riri
532 3303 601 3351 docti
617 3303 786 3363 coniecerunt,
802 3303 897 3352 nemini
914 3303 965 3352 iam
982 3302 1158 3366 satisfacient)
1175 3320 1228 3354 ma·

110 3384 189 3432 gnam
205 3370 232 3417 in
251 3371 302 3418 hoc
318 3370 376 3418 loco
393 3370 563 3431 corruptelam
578 3370 659 3418 inessc
675 3376 745 3432 puto,
768 3379 849 3419 ortam
865 3370 936 3419 illam
954 3370 1062 3420 fortasse
1078 3387 1111 3420 ex
1127 3372 1228 3432 lacuna,

111 3437 199 3500 quales
210 3437 332 3499 plurimas
344 3436 371 3484 in
381 3437 486 3497 vulgata
494 3437 571 3486 Plinii
584 3437 706 3486 oratioue
711 3446 810 3487 exstare
822 3438 895 3487 dccet
906 3440 989 3487 codex
1000 3439 1043 3487 ille
1054 3439 1188 3500 Bambcrg.
1196 3479 1227 3489 ..

111 3501 187 3563 dicta,
199 3505 249 3553 R2.
268 3544 299 3551 -
318 3503 463 3563 examinato,
481 3505 583 3554 Robcrt.
603 3544 634 3552 -
656 3503 730 3564 circa,
747 3505 794 3554 ΡΙ.
814 3546 845 3552 -
867 3504 941 3566 illum,
958 3506 986 3555 P.
1005 3547 1037 3554 ,
1060 3505 1227 3554 consentiens

110 3571 180 3629 viad,
197 3571 227 3619 P.
252 3611 283 3618 ..
310 3567 476 3631 Catilinariis,
494 3571 529 3620 ita
546 3585 595 3634 ego
613 3571 701 3634 scripsi
718 3572 936 3632 colluceant.
963 3570 1124 3632 Catilinianis,
1141 3571 1225 3622 R²K.

112 3633 452 3701 Catiliauis,R¹TSPad².
478 3633 605 3698 Catilartis,
623 3641 664 3687 d'.
693 3634 986 3702 05515555151111155911.
1006 3678 1037 3686 -
1055 3637 1189 3700 municipio,
1202 3639 1225 3686 d.

110 3703 342 3766 5555155115.
358 3744 390 3752 ..
406 3703 578 3766 Varpunteius,
591 3705 668 3755 Hard.
681 3719 714 3755 ex
728 3705 837 3770 Obsequ.
850 3707 947 3768 prodig.
962 3711 1018 3756 122.
1032 3743 1064 3754 ..
1076 3718 1142 3765 seco,
1154 3705 1183 3754 P.
1194 3745 1225 3753 ..

108 3772 231 3832 9555511.
626 3794 629 3804 ⁴

144 3839 159 3899 ξ
182 3843 238 3886 138.
269 3835 439 3891 strumarum,
460 3839 510 3886 Td.
530 3878 561 3887 ..
585 3838 691 3899 litterae,
711 3841 742 3889 R.
761 3879 791 3888 ..
817 3855 847 3887 er
867 3837 905 3887 1115
927 3853 961 3898 15,
982 3840 1013 3888 11.
1032 3879 1065 3887 -
1090 3852 1224 3898 servavere,

110 3898 258 3952 RTOadr.
277 3899 426 3964 1555555
446 3944 477 3951 -
496 3913 619 3963 nocturno,
631 3907 663 3954 R.
684 3945 715 3952 -
738 3906 872 3965 55115511.
892 3945 922 3954 ,.
940 3903 1055 3966 Etruria,
1067 3906 1111 3954 ad.
1129 3903 1225 3970 Etrari,

110 3967 592 4032 1110155511.)Ε11555551555,111
617 4011 647 4019 -
672 3969 934 4033 eterra,r(Robcrt.)
953 4011 984 4020 .-
1008 3970 1224 4035 5515551551-

110 4038 298 4097 5551151515.
319 4077 349 4085 ..
367 4037 481 4101 appellat,
498 4038 530 4085 R.
549 4036 698 4099 appellatur,
711 4040 754 4086 ad.
773 4035 935 4102 appellantur,
951 4035 1106 4101 r(Robert.)
1125 4080 1156 4088 ..
1174 4042 1224 4090 exi-

110 4105 249 4164 stimaatur,
258 4121 278 4152 1.
289 4144 319 4151 -
332 4103 446 4167 turpiore,
459 4106 489 4153 T.
500 4101 648 4164 -euidens,
660 4104 713 4153 BT
722 4096 809 4156 95511.
822 4102 917 4154 euidens
928 4113 972 4166 eat,
979 4101 1008 4167 β.
1020 4145 1050 4155 ..
1061 4107 1193 4170 superiora
1201 4125 1224 4167 e,

110 4185 126 4218 5.
137 4167 268 4231 (Robcrt.)
287 4187 299 4218 e
310 4172 456 4235 superiorae,
468 4173 500 4220 R.
520 4185 532 4217 5
545 4171 677 4233 superare,
690 4173 713 4221 d.
732 4189 749 4221 a
761 4171 893 4236 superiore,
903 4167 955 4236 βγ,
969 4211 1000 4221 ..
1017 4170 1109 4236 babeat,
1122 4166 1223 4226 udat.

111 4234 222 4299 labeant,
239 4230 267 4287 θ.
