2714 4710
173 309 232 372 162
320 340 325 351 =
520 325 723 371 nascamus
745 322 941 372 nassomns

170 475 247 538 LX.
278 475 466 562 grandinem
495 475 692 560 conglaciato
719 464 822 539 imbre
854 474 943 562 gigni
978 485 1011 540 et
1041 474 1148 540 nivem
1178 475 1291 540 eodem

169 598 279 641 umore
300 577 427 642 mollius
448 585 577 651 coacto,
604 575 751 660 pruinam
780 585 888 639 auteur
915 594 955 639 ex
981 590 1053 640 rore
1080 576 1209 662 gelido3
1232 600 1292 662 per

168 670 305 741 hiemem
327 677 410 741 nivis
432 676 558 752 cadere,
581 698 644 740 nou
664 676 846 760 grandines,
869 676 1022 759 ipsasque
1042 676 1217 761 &andinus
1238 679 1288 742 in·

169 778 273 842 terdiu
295 778 421 861 saepius
443 799 539 860 quam
561 789 675 852 noctu,
707 788 740 840 et
764 777 865 841 multo
891 777 1027 843 celerius
1052 777 1170 843 resolvi
1190 798 1289 861 quum

167 877 268 953 nivis3
304 877 438 942 nebulas
465 899 526 942 nec
554 887 677 941 aestate
704 900 764 942 nec
792 899 941 942 maxumo
970 878 1090 963 frigore
1108 872 1287 956 exsistere,

166 998 254 1041 rores
276 998 381 1060 neque
403 979 478 1062 gelu
500 998 606 1061 neque
628 978 796 1042 ardoribus
816 998 922 1060 neque
944 978 1047 1042 ventis
1069 990 1131 1042 nec
1150 977 1212 1043 nisi
1235 1000 1286 1044 se·

165 1101 243 1142 rena
264 1088 374 1154 nocte3
405 1079 542 1163 gelando
567 1070 721 1161 liquorem
747 1078 848 1142 minui
874 1068 1077 1162 resolutaque
1099 1078 1201 1164 glacie
1222 1096 1285 1143 non

165 1178 303 1243 eundem
329 1178 465 1243 inveniri
491 1179 630 1243 modum.
648 1177 758 1242 -Lxu
787 1178 970 1244 Varietates
996 1180 1140 1245 colorum
1165 1178 1284 1264 figura·

164 1302 300 1363 rumque
321 1279 355 1342 in
377 1279 517 1344 nubibus
539 1279 644 1355 semri,
668 1289 764 1363 prout
784 1278 949 1345 admixtus
970 1276 1056 1365 ignis
1078 1291 1284 1366 superstant

165 1381 320 1443 vincatur.

202 1470 330 1542 ¹LXlI.
375 1481 426 1542 62.
465 1478 637 1543 Praeterea
663 1480 817 1563 quasdam
849 1479 1060 1565 proprietates
1092 1472 1280 1565 quibusdum
1295 1496 1337 1540 ass

164 1581 241 1646 locis
263 1602 351 1644 esse:
380 1579 522 1644 roscidas
549 1590 669 1643 aestate
690 1579 823 1662 Affieae
850 1581 969 1657 noetis3
999 1581 1033 1643 in
1053 1580 1151 1646 Italia
1170 1579 1281 1647 Locris

165 1693 196 1745 et
223 1680 257 1745 in
283 1683 356 1745 lacu
377 1680 493 1745 Velina
521 1680 608 1745 nullo
634 1702 698 1743 non
725 1679 777 1743 die
806 1681 960 1768 adparere
982 1692 1093 1770 atcus3
1123 1681 1229 1746 Rhodi
1250 1692 1280 1745 et

165 1780 334 1866 Syracusis
355 1802 530 1864 numquam
557 1791 645 1844 tanta
667 1780 776 1845 nubila
796 1781 912 1845 obduci
934 1792 1056 1846 utnon
1078 1782 1186 1865 aliqua
1206 1782 1280 1846 laura

165 1884 212 1946 sol
233 1892 395 1957 cernatur,
424 1882 531 1962 qualia
552 1882 658 1965 aptius
680 1881 747 1945 suis
768 1881 949 1946 referentur
973 1882 1062 1954 locis.
1099 1882 1193 1947 Haeo
1218 1883 1278 1946 sint

164 1981 250 2045 dicta
271 1981 312 2043 de
334 2001 418 2044 aere.
843 1990 848 1996 ’

205 2079 335 2144 LXIH.
373 2081 423 2144 63.
452 2079 607 2164 Sequitur
630 2092 731 2160 terra,
762 2083 814 2148 cui
836 2084 890 2147 uni
916 2100 1023 2148 rerum
1047 2093 1184 2148 naturae
1202 2094 1327 2168 par-1⁵⁴

164 2181 244 2246 tium
271 2181 388 2245 eximia
415 2191 546 2266 propter
571 2182 685 2246 merita
711 2204 887 2269 cognomen
914 2183 1090 2249 indidimus
1116 2194 1277 2250 maternae

162 2282 386 2349 venerationis.
425 2279 481 2346 Sic
506 2282 669 2346 hominurn
696 2282 767 2360 illa,
797 2294 834 2347 ut
861 2286 984 2349 caelum
1010 2285 1081 2364 dei,
1111 2298 1196 2368 quae
1221 2298 1277 2349 nos

162 2384 323 2450 nascentis
339 2383 468 2469 excipit,
492 2394 582 2447 natos
604 2383 660 2446 alit.
681 2385 843 2466 semelque
866 2383 968 2449 editos
991 2385 1128 2449 sustinet
1142 2396 1277 2470 semper,

161 2485 336 2550 novissime
364 2484 519 2568 conplexa
546 2482 667 2567 gremio
691 2483 755 2547 iam
781 2507 800 2548 a
822 2483 943 2568 reliqua
964 2495 1080 2548 natura
1100 2476 1275 2563 abdicatos,

163 2595 231 2646 tum
259 2607 407 2647 maxume
429 2593 465 2645 ut
485 2592 586 2645 mater
608 2582 771 2667 operiens,
801 2585 888 2648 nullo
914 2586 1017 2672 magis
1046 2608 1137 2650 sacra
1167 2586 1276 2650 merito

164 2706 259 2766 quam
282 2704 345 2765 quo
366 2703 424 2744 nos
447 2703 574 2763 quoque
598 2704 703 2746 sacros
725 2682 819 2760 iacit,
843 2684 938 2749 etiam
959 2685 1156 2750 monimenta
1175 2706 1216 2749 ac
1234 2684 1276 2748 ti-

205 2873 257 2904 cum
277 2855 399 2919 piaciato,
415 2855 517 2905 Robert.
538 2894 568 2902 ..
591 2854 657 2921 ique,
673 2853 766 2902 R'a'.
797 2896 826 2903 ..
855 2855 972 2920 ipsasque
991 2855 1136 2922 praedices,
1159 2860 1194 2907 ad
1211 2856 1276 2919 (Ro-

162 2922 238 2987 bert.)
269 2924 339 2989 ipsas
358 2940 421 2986 qaas
442 2921 588 2988 prandines,
604 2921 658 2971 R2.
690 2921 777 2970 Omitt.
795 2921 846 2970 R'.
871 2963 902 2970 -
924 2923 1036 2981 nebulas,
1052 2925 1076 2972 d.
1107 2924 1209 2985 nebula,
1225 2925 1275 2974 aa

163 2991 282 3053 nebulam,
295 2993 398 3041 Robert.
413 3033 443 3040 ..
457 3005 531 3054 aeque
540 2990 602 3053 peta,
615 2991 696 3038 omitt.
709 2987 748 3036 B¹
760 2988 803 3037 al.
818 3030 848 3037 -
861 2989 948 3051 minui,
960 3007 982 3039 a.
999 2990 1111 3050 minum,
1124 2986 1199 3041 RTd
1211 2989 1275 3053 (130.

162 3059 239 3122 bert.)
258 3061 320 3111 Orta
337 3068 375 3109 est
391 3061 455 3109 haec
470 3059 600 3122 scriptura,
613 3073 688 3120 quam
705 3071 758 3104 non
778 3056 895 3107 defendes
911 3058 941 3107 iis
959 3069 1023 3120 qua'e
1039 3052 1126 3107 attulit
1142 3058 1227 3108 Haase
1244 3060 1275 3108 sd

162 3127 257 3189 Reisig.
271 3142 377 3189 gramm.
394 3129 451 3176 Lat.
463 3142 489 3189 p.
503 3130 568 3182 292,
581 3140 614 3174 ex
625 3123 723 3188 syllaba
739 3124 820 3186 prima
835 3125 967 3187 proximae
981 3126 1050 3174 vocis
1065 3138 1110 3187 per
1122 3140 1232 3175 suornm
1244 3128 1274 3175 ad

162 3196 353 3256 praecedentem
369 3201 484 3241 retracta.
510 3234 541 3241 ..
564 3191 722 3256 resolutaque,
738 3190 793 3240 1³².
818 3191 951 3255 solutaque,
967 3190 1007 3241 R¹
1018 3194 1055 3240 ad
1071 3188 1205 3255 (Roben.)
1224 3187 1273 3256 βγ.

162 3259 249 3315 soluta,
266 3259 297 3305 T.
317 3297 348 3304 -
374 3257 497 3317 Varieta's,
513 3258 566 3307 R'.
592 3300 623 3307 -
642 3257 772 3318 admistus,
789 3257 842 3307 R2.
860 3257 1088 3318 admistisfflad.
1109 3300 1141 3307 ..
1160 3258 1231 3323 ἰ’ῃπιὶς,
1241 3257 1273 3308 Β.

162 3323 246 3388 siquis,
259 3326 303 3371 ad.
323 3363 354 3370 ..
372 3333 478 3386 superat,
487 3341 506 3371 r.
526 3365 557 3371 ..
576 3325 685 3387 vincitur,
698 3343 717 3374 r.

196 3388 211 3447 ξ
226 3394 280 3437 153.
297 3391 426 3452 propietus,
437 3389 461 3437 R
469 3389 488 3437 ¹.
501 3391 568 3437 Huic
576 3393 631 3438 voci
641 3394 737 3441 addunt
745 3391 809 3440 caeli
818 3392 883 3441 Ros.
892 3388 920 3453 β,
931 3394 999 3456 quod
1009 3393 1090 3442 omitt.
1100 3386 1155 3442 ΒΤ
1164 3387 1233 3444 Oad.
1243 3433 1272 3442 ..

163 3454 269 3519 quidam,
282 3456 385 3503 Robort.
408 3495 432 3502 ..
455 3454 572 3513 Italia,d
588 3454 719 3519 (Robert.)
740 3458 825 3527 lidii*
838 3475 860 3508 a.
883 3458 1009 3521 Italian.
1029 3460 1211 3522 -*oerisie,d.
1229 3461 1273 3510 cri·

162 3525 221 3584 siae,
234 3539 250 3572 a
261 3520 391 3584 (Robert.)
409 3522 489 3582 crisie,
506 3524 536 3572 R.
554 3563 578 3571 -
595 3521 674 3585 velun,
687 3526 711 3574 R
720 3524 739 3572 ¹.
754 3566 785 3574 ..
798 3527 904 3590 aperire,
916 3528 941 3576 R
951 3529 978 3576 'a
989 3529 1002 3575 ¹.
1017 3567 1046 3575 ..
1060 3522 1173 3593 Syracu,
1185 3529 1229 3578 12¹.
1242 3567 1271 3576 ..

162 3593 304 3654 referentur,
317 3591 341 3639 R
350 3593 366 3638 '·'.
377 3590 502 3653 seruntur,
515 3591 539 3640 R
551 3593 607 3639 'ad
627 3632 657 3640 ..
676 3603 736 3652 suat,
750 3595 765 3641 d
778 3589 908 3656 (Robsrt.)

196 3658 209 3719 ξ
225 3665 280 3709 154.
293 3668 404 3718 naturae,
417 3673 467 3706 om.
479 3658 504 3707 R
513 3656 533 3708 ¹.
544 3699 574 3706 -
591 3658 698 3717 eximino,
710 3660 763 3708 13¹.
774 3701 805 3708 -
814 3660 903 3709 merito
916 3674 1050 3724 aequamen,
1063 3672 1114 3709 om.
1127 3656 1181 3711 3¹.
1192 3694 1224 3710 ,a
1235 3674 1273 3710 ae·

161 3729 261 3788 aeratis,
273 3727 359 3777 ut„
371 3724 490 3774 lominum
503 3737 579 3775 mater
590 3725 714 3787 ittafflob.
740 3769 742 3773 .
764 3726 810 3787 dei,
821 3729 874 3776 Rd.
888 3727 944 3788 diei,
951 3743 974 3776 a.
988 3726 1088 3790 diesque
1101 3729 1198 3778 omisso
1211 3736 1273 3792 quac
1329 3738 1343 3742 ”

161 3794 227 3841 Rob.
235 3835 265 3842 -
278 3810 376 3858 semper,
390 3796 413 3842 d.
426 3803 450 3842 et
459 3790 707 3857 semper,Ra(Rob.)
715 3833 745 3840 -
756 3794 891 3856 abdicatur,
903 3794 938 3844 R'
946 3831 951 3842 .
959 3835 989 3842 ..
999 3795 1150 3858 operienda.
1158 3836 1189 3844 -
1199 3790 1273 3845 aava

161 3860 250 3923 merito,
262 3863 349 3911 Dalec.
362 3863 393 3910 R.
412 3878 483 3911 sacro
495 3862 585 3919 merito,
598 3854 626 3907 θ.
644 3868 801 3920 auocamento,
814 3863 857 3910 ad.
876 3869 1037 3921 sacramento,
1048 3856 1077 3921 β,
1096 3901 1127 3909 -
1145 3862 1271 3912 amatam·

161 3930 236 3986 tals
256 3969 287 3976 -
306 3931 358 3989 lae,
371 3931 402 3978 R.
423 3970 452 3977 ..
472 3943 560 3987 nemea,
573 3926 617 3976 (1¹.
637 3967 667 3975 ..
685 3928 734 3978 iam
747 3924 828 3988 nullis,
840 3929 906 3977 Rad
919 3927 1004 3989 (codd.
1016 3924 1134 3989 Barbas.)
1154 3928 1203 3978 iam
1216 3944 1270 3978 noa-

161 3992 245 4054 aazia,
257 4009 280 4042 σ.
293 3994 425 4054 tumulatis,
438 3996 580 4044 Heumann.
593 4010 632 4057 ap.
646 3995 793 4044 Gesnerum.
804 4011 981 4059 -precamur,
993 3995 1086 4046 Rad¹.
1105 3995 1353 4061 impresserunae

160 4058 186 4107 K
202 4058 287 4120 (codd.
305 4059 435 4122 Barbari),
459 4065 528 4124 quod
544 4062 653 4125 probant
667 4063 812 4111 Brissonius
828 4064 859 4111 de
875 4062 977 4112 fonnul.
993 4079 1018 4126 p.
1038 4066 1076 4112 79.
1094 4065 1133 4112 ed.
1150 4062 1230 4112 Bach'.
1245 4061 1349 4110 οὔ

140 4151 143 4157 -
160 4125 302 4175 Heumann.
319 4167 341 4174 -
361 4126 429 4188 irati,
441 4131 514 4178 Rad.
533 4127 593 4188 rati,
605 4131 631 4178 K
643 4126 728 4188 (codd.
740 4126 865 4190 Barbari.)
883 4131 966 4190 irasci,
975 4143 998 4178 σ,
1017 4130 1074 4180 Om.
1084 4129 1228 4180 Heumann.
1238 4168 1267 4177 ..

159 4208 242 4256 prave,
255 4194 296 4242 R¹
307 4195 395 4243 adaK
407 4191 493 4254 (codd.
504 4191 630 4253 Barbari.)
646 4211 744 4258 pruses,
757 4196 809 4245 3².
830 4237 860 4245 ..
879 4213 919 4258 aa,
931 4198 975 4247 R¹.
989 4238 1020 4245 -
1037 4197 1166 4259 irascitur,
1178 4199 1202 4247 d

193 4259 207 4319 5
227 4265 281 4309 155.
305 4262 427 4319 subeunti,
444 4263 475 4310 R.
495 4301 525 4309 -
545 4259 675 4322 densatur,
693 4278 742 4311 om.
759 4262 811 4312 R¹.
831 4303 860 4311 -
881 4263 907 4311 in
924 4265 1032 4325 nubebus,
1049 4267 1154 4314 Roburt.
1173 4303 1203 4313 ..
1226 4258 1296 4320 ad,
