2714 4710
343 271 346 275 ¹
391 304 461 351 ma.
478 305 514 352 11.
545 304 623 351 aar.
639 307 673 352 x.
691 307 739 352 m.
772 305 869 354 sucu.
886 311 904 352 r.
919 309 937 350 a.
1158 295 1218 356 117

237 399 241 431 l

100 453 197 518 simul
217 453 274 517 fiat
295 476 315 517 a
336 453 467 530 vertice,
488 455 567 520 item
588 457 663 540 quia
679 457 764 522 circa
779 456 977 522 solstitialem
992 458 1145 525 cacanum
1158 460 1218 526 hau

74 553 272 620 ·bitautium
302 554 436 619 meridie
469 555 512 619 ad
545 557 794 640 septentrionem
820 557 954 623 umbrae
983 560 1112 639 cadant,
1147 573 1220 627 ortu

99 676 176 721 varo
198 655 241 719 ad
262 676 421 733 occasum,
449 677 531 740 quae
553 656 624 721 fieri
643 659 731 722 nullo
751 658 846 723 modo
868 670 1009 744 possent,
1036 661 1098 725 nisi
1119 663 1220 727 multo

99 779 198 840 quam
225 766 310 820 terra
335 756 437 820 maior
464 766 561 836 esset,
588 780 648 822 nec
677 758 764 841 quod
790 768 932 822 montem
952 759 1046 823 Idam
1073 761 1220 826 exoriens
1286 763 1291 777 ‘

98 856 270 922 latitudine
285 866 468 942 exsuperet,
492 857 605 922 dextra
619 860 775 942 laevaque
789 858 880 946 large
894 860 1103 945 amplectens,
1123 883 1219 945 prae⁶

99 958 211 1022 sertim
233 967 320 1022 tanto
341 957 502 1024 discretus
523 957 699 1023 intervallo.
727 956 885 1023 Defectus
905 960 1000 1026 lunae
1021 948 1219 1046 magnitudi-
1234 982 1264 1027 51

98 1081 173 1123 nem
195 1058 264 1124 eius
284 1059 364 1123 haut
385 1058 484 1123 dubia
498 1058 621 1124 ratione
636 1055 786 1136 declarat,
809 1059 891 1123 sicut
912 1069 1014 1124 terrae
1028 1061 1220 1144 parvitatem

97 1160 170 1244 ipse
204 1158 365 1224 deficiens.
400 1157 548 1242 Namque
578 1182 651 1224 cum
682 1158 747 1223 sint
781 1152 847 1224 tres
878 1160 1064 1225 umbrarum
1096 1162 1220 1250 figurae

98 1269 299 1343 constetque,
329 1259 356 1324 si
382 1281 442 1344 par
467 1259 580 1326 lumini
608 1259 651 1323 sit
676 1260 810 1324 materia
837 1281 920 1344 quae
941 1260 1041 1325 iactat
1061 1262 1218 1344 umbram,

98 1358 265 1424 columitas
287 1358 395 1444 effigie
414 1358 476 1424 iaci
498 1381 558 1424 nec
578 1358 696 1424 habere
716 1359 824 1437 finem,
848 1359 875 1424 si
896 1382 973 1425 vero
994 1361 1096 1426 maior
1111 1357 1219 1447 'mate-
1276 1426 1280 1444 ,

98 1459 147 1524 ria
168 1482 267 1544 quam
286 1460 405 1537 lumen,
434 1459 569 1524 turbinis
589 1460 680 1538 recti,
706 1471 744 1524 ut
771 1459 816 1524 sit
839 1460 939 1524 imum
965 1461 1033 1526 eius
1056 1464 1219 1549 augustis-
1303 1488 1305 1499 ·

100 1561 217 1626 simum
245 1570 278 1625 et
304 1558 399 1626 simili
423 1560 518 1626 modo
545 1559 670 1624 infinita
694 1560 871 1648 longitudo,
902 1561 929 1624 si
956 1561 1061 1626 minor
1085 1564 1220 1628 materia

99 1684 199 1746 quam
226 1662 293 1739 lux,
321 1671 427 1724 metae
453 1661 607 1725 exsistere
630 1659 772 1751 effigiem
792 1660 826 1723 in
849 1660 1022 1724 cacuminis
1042 1661 1140 1726 tinem
1160 1662 1218 1728 de-

100 1763 259 1827 sinentem
281 1763 440 1844 talemque
462 1761 550 1825 cerni
571 1760 718 1825 umbram
739 1759 907 1825 deficiente
928 1760 1005 1828 luna
1011 1785 1020 1837 3
1043 1761 1151 1845 palam
1171 1762 1218 1840 fit,
1234 1782 1266 1827 aa

97 1872 134 1927 ut
155 1861 244 1926 nulla
264 1861 400 1948 amplius
421 1862 621 1946 relinquatur
648 1860 816 1938 dubitatio,
847 1860 994 1945 superari
1022 1863 1224 1948 magnitudi‘

96 1986 174 2028 nem
197 1973 312 2040 terrae,
332 1963 368 2028 id
389 1962 520 2047 quidem
543 1973 582 2027 et‘
597 1962 701 2027 tacitis
721 1961 824 2046 ipsius
844 1971 977 2026 naturae
990 1962 1126 2028 indiciis.
1150 1963 1219 2030 Cur

97 2064 187 2130 enim
200 2063 327 2150 partitis
341 2063 466 2130 vicibus
481 2064 556 2129 anni
570 2063 724 2130 brumalis
739 2062 882 2128 abscedit
902 2075 958 2128 aut
978 2064 1119 2129 noctium
1140 2087 1218 2152 opa-

88 2166 197 2248 citate
216 2176 317 2230 terras
337 2165 451 2243 reficit,
475 2176 646 2230 exustmus
668 2165 747 2230 haut
769 2164 865 2241 dubie
888 2175 921 2230 et
943 2164 989 2231 sic
1011 2189 1139 2251 quoque
1161 2190 1218 2233 ex·

96 2288 197 2332 urens
218 2266 358 2350 quadam
378 2266 412 2331 in
433 2268 548 2352 parte?
570 2276 659 2330 tanta
679 2264 868 2350 magnitudo
891 2276 949 2331 est

52 2462 63 2483 ·
96 2441 185 2489 animo
201 2440 277 2489 simul
292 2447 419 2502 petantur,
436 2441 481 2490 aad
496 2440 551 2488 solo
569 2453 602 2488 ex
617 2439 711 2498 auimo,
729 2439 797 2487 unde
811 2439 889 2488 verba
904 2438 1039 2499 dequibus
1055 2439 1155 2500 aginnum
1167 2453 1220 2489 uon

97 2520 130 2556 eo
142 2507 210 2567 loco,
221 2507 266 2556 ubi
276 2507 354 2570 vulgo
364 2507 491 2569 leguntur,
504 2508 548 2555 sad
559 2506 637 2569 paulo
650 2505 764 2568 superius
775 2520 842 2569 pone
854 2503 914 2555 solia
924 2513 992 2555 recta
1004 2506 1055 2568 legi
1066 2514 1144 2568 patet.
1167 2508 1219 2556 De-

96 2574 177 2636 nique
197 2575 332 2636 quaeritur,
353 2589 478 2636 quaenam
499 2575 549 2624 sint
569 2572 635 2622 tertii
655 2573 753 2635 generis
774 2579 924 2635 argumenta
939 2581 1039 2636 praeter
1050 2574 1182 2623 oculorum
1195 2582 1220 2623 at

96 2641 178 2691 animi
190 2642 366 2702 coniecturam,
378 2643 445 2690 unde
456 2641 597 2704 amplitudo
609 2641 669 2689 solis
682 2641 822 2703 computari
833 2641 925 2703 possit;
939 2655 969 2690 aa
980 2649 1065 2691 tamem
1077 2642 1104 2690 in
1115 2643 1221 2704 vulgata

95 2709 208 2758 lectione
223 2709 391 2771 requiruntur.
412 2708 548 2758 Desectam
565 2714 631 2757 certe
650 2708 726 2757 lunae
742 2709 757 2770 ἓ
770 2713 809 2757 51.
822 2716 1046 2772 commemoratum
1066 2724 1121 2760 essa
1133 2710 1219 2759 oculo-

95 2791 155 2826 rum
167 2784 344 2838 argumentum
354 2791 430 2824 nemo
442 2777 552 2839 negabit.

132 2845 201 2907 550.
219 2842 367 2904 immensum,
379 2845 425 2894 Rd
442 2840 527 2904 (codd.
544 2840 665 2905 Galerii.)
683 2840 831 2903 immensam,
842 2843 885 2891 Pa
897 2840 1028 2906 (Robert.)
1047 2883 1079 2892 ..
1098 2843 1163 2908 quia,
1175 2844 1221 2893 Pa

96 2907 186 2972 (codd
199 2907 319 2974 Gelanii.)
337 2911 387 2974 qui,
399 2912 452 2961 Rd.
471 2951 503 2959 ..
522 2911 644 2975 quotlzdet,
657 2911 701 2959 ad.
720 2909 846 2974 quodlibet,
859 2910 890 2958 Ρ.
909 2907 1024 2972 quolibet,
1036 2911 1061 2959 R
1078 2906 1125 2970 (ex
1143 2908 1220 2972 corr.)

96 2974 228 3043 quaelibet,
239 2979 269 3029 Ρ.
289 3018 320 3026 ..
338 2976 417 3040 milia,
428 2979 479 3028 Pa'
498 2977 624 3038 milia...,
636 2978 668 3027 R.
687 2975 820 3035 miliarum,
833 2977 857 3025 d.
875 2974 989 3036 milliare,
1001 2976 1032 3025 Τ.
1052 3015 1083 3022 -
1102 2977 1219 3037 umbram,

94 3046 127 3095 P.
147 3085 180 3094 ..
199 3044 286 3108 iaciat,
297 3045 370 3095 PdR
380 3041 436 3107 (hic
447 3061 480 3094 ex
492 3042 569 3105 corr.)
586 3042 686 3102 iaciant,
698 3060 720 3092 a.
739 3081 771 3091 -
789 3039 889 3102 medius,
906 3042 979 3091 Rad.
998 3037 1104 3102 medias,
1121 3043 1168 3090 Pr.
1187 3081 1220 3090 ..

95 3111 194 3173 eludia
209 3113 239 3164 P.
263 3153 295 3161 -
317 3111 395 3174 circo,
411 3114 441 3163 P.
463 3113 490 3162 A
505 3128 583 3162 mann
599 3111 710 3161 secunda
725 3110 822 3158 addunt
837 3108 912 3156 Rad.
935 3107 1005 3168 citra,
1021 3123 1042 3155 r.
1062 3147 1092 3155 -
1109 3105 1219 3176 mdia,

95 3180 170 3230 addit
180 3180 260 3230 altera
270 3195 362 3230 manus
374 3182 398 3229 (1.
418 3220 450 3228 -
464 3189 556 3244 posset,
567 3181 597 3228 P.
618 3219 649 3226 ..
667 3176 744 3237 multo,
756 3176 831 3224 Rad.
849 3173 895 3235 md,
906 3174 936 3224 Ρ.
954 3173 987 3223 ul.
1005 3173 1085 3236 modo,
1102 3175 1170 3224 idem
1187 3178 1221 3225 ad
1300 3232 1302 3236 ¹

94 3261 178 3309 marg.
197 3287 229 3296 -
247 3262 290 3297 aec
306 3262 354 3297 aaa
372 3246 584 3310 quadriduum.
609 3285 640 3294 ..
664 3243 733 3305 Mem,
749 3242 796 3291 Pr.
816 3281 847 3289 -
865 3240 954 3303 oriens,
967 3243 998 3292 R.
1017 3281 1049 3290 ..
1068 3249 1177 3305 cuperat,
1188 3243 1220 3292 P.

95 3330 146 3364 cau
178 3323 219 3364 rat
237 3331 257 3365 r.
927 3335 931 3342 ¹
1228 3334 1232 3345 ¹

132 3328 201 3445 §de
219 3351 280 3447 lpse,
292 3381 387 3434 Sabell
400 3390 426 3431 at
436 3383 540 3432 Barbar.
552 3381 620 3431 Rd2.
639 3381 704 3444 ipsa,
715 3369 807 3438 Parss.
821 3375 879 3426 Om.
892 3378 933 3426 (1¹.
953 3413 984 3427 a.
1002 3375 1129 3439 drfict‘ene,
1145 3376 1218 3428 Pad.

148 3465 173 3501 ac

95 3514 201 3578 defiens,
213 3516 246 3566 R.
264 3516 387 3580 deiciens,
400 3517 430 3566 Τ.
444 3556 476 3566 ..
490 3532 554 3578 quae
565 3514 646 3576 iuuat,
658 3515 709 3564 Pd.
728 3513 780 3565 icat
785 3518 813 3580 1,
825 3515 869 3579 RF.
888 3510 1049 3576 quaefacta,
1061 3511 1107 3559 R2.
1132 3509 1220 3572 iactat,
1254 3555 1258 3561 .

94 3586 134 3634 ι’.
152 3583 230 3633 ludat
240 3598 313 3646 quae,
326 3586 368 3641 a2.
380 3585 486 3644 iactans,
499 3577 527 3631 θ.
540 3584 689 3646 Legaudum
701 3589 739 3631 cst
751 3583 840 3633 lucum
857 3595 870 3629 e
882 3578 993 3640 vestigiis
1010 3578 1042 3626 R.
1062 3617 1094 3624 -
1111 3579 1218 3636 umbrae,

93 3651 187 3701 But
205 3672 239 3698 ·-
257 3650 368 3714 effipiam,
384 3652 415 3701 P.
434 3691 466 3699 -
484 3651 543 3712 siaa
560 3652 583 3698 (1
602 3690 635 3698 -
653 3649 723 3709 recti,
741 3657 799 3699 anta
814 3648 881 3697 hanc
896 3659 985 3695 vocem
1001 3658 1080 3709 parva
1094 3658 1181 3691 rasura
1192 3643 1219 3691 in

93 3720 122 3768 d·
142 3757 175 3766 ..
192 3717 223 3778 εἰ,
240 3718 277 3767 (11.
301 3726 328 3766 ut
348 3717 391 3778 ait,
408 3719 433 3767 R
448 3718 476 3766 in
492 3733 585 3768 rasura.
610 3756 642 3764 -
665 3733 746 3777 unum,
763 3717 793 3765 P.
818 3754 850 3762 -
864 3714 928 3776 fiae,
944 3712 973 3772 P.
993 3750 1025 3761 ..
1044 3709 1168 3772 adfinitati,
1186 3711 1218 3759 R.

131 3786 201 3848 ΗΞ.
220 3793 253 3845 ut,
273 3785 323 3834 Pa
350 3795 401 3846 aut,
422 3785 454 3834 R.
481 3783 548 3844 daut,
569 3785 635 3834 Tot
657 3783 714 3834 Om.
731 3785 767 3833 (1¹.
787 3821 819 3830 ..
838 3779 913 3840 nullu,
930 3780 1002 3828 Pad.
1026 3775 1086 3836 alta,
1103 3777 1166 3826 ΒΤ.
1186 3817 1218 3825 ..

94 3852 296 3915 relinquorum.
314 3850 471 3913 relinquitur,
483 3854 535 3903 Rd.
549 3850 653 3913 reliqua,
666 3865 688 3897 a.
709 3847 739 3896 .‘
757 3843 942 3910 muyadudinam
954 3854 1043 3904 terrae,
1056 3845 1109 3894 Td.
1123 3845 1219 3906 mapal-

94 3917 180 3970 tuda'aa
205 3927 297 3980 terroe,
315 3919 347 3968 R.
378 3917 545 3984 muqaitudine
572 3925 670 3974 terram,
686 3909 784 3977 Pussr.
809 3952 841 3961 ..
864 3912 898 3971 id,
915 3913 1008 3963 R²Pd
1032 3909 1129 3975 lucar.
1149 3909 1218 3971 tace,

93 3987 147 4036 B¹.
168 4026 199 4035 ..
219 3984 301 4050 ipsius
313 3995 417 4036 naturae
433 3984 540 4044 indiciis,
551 3982 581 4032 P.
605 3991 710 4030 naturae
728 3979 807 4043 ipsius
823 3977 928 4040 iudiciale,
941 3980 985 4027 ad.
1005 3987 1108 4027 naturae
1119 3977 1219 4028 indiciis

94 4053 308 4171 (1.1(
530 4047 730 4175 (11(
746 4087 776 4094 -
790 4044 1219 4163 vetreacum.

94 4137 176 4249 didio,
187 4129 228 4249 dl,
237 4228 268 4236 .-
280 4136 407 4251 'rest-adult,
412 4135 494 4237 Tad.a
502 4153 585 4248 efficit:
597 4184 627 4232 Ρ.
645 4126 746 4245 re’ficida
757 4130 858 4244 dull.
876 4149 1004 4242 exaltaris,
1016 4179 1060 4229 13¹.
1079 4129 1219 4239 amandas,

94 4255 128 4305 P.
148 4295 179 4304 ..
198 4262 253 4315 aut,
265 4256 309 4306 13¹.
329 4294 360 4304 ..
379 4263 422 4315 cat,
435 4267 486 4302 om.
498 4252 528 4303 1³.
547 4253 605 4312 eata,
617 4251 705 4301 Dalac.
