2714 4710
143 315 236 358 nxxu
608 312 798 356 Pusnnnnuo.

143 468 246 527 aedem
265 466 428 527 constantie
447 464 681 542 deprehendatur
699 465 731 524 in
748 464 848 524 litters
869 483 888 522 n
908 463 1026 524 litterae
1052 465 1074 524 d
1092 462 1268 542 praemissu,

144 577 225 638 unde
238 595 344 637 rursus
359 575 464 654 scripsi
477 577 604 647 eusdem,
620 575 793 646 tantundem,
809 574 999 650 quorundam,
1019 575 1149 651 quaudiu
1162 579 1195 633 et
1205 577 1269 635 ati·

145 688 286 765 qwndis,
300 681 441 762 exeept0,'
449 684 495 742 uti
507 684 539 742 in
552 701 585 743 re
605 701 729 761 prorsus
739 682 857 743 diverse
870 701 926 761 par
937 681 1003 756 init,
1016 683 1108 743 verbo
1116 685 1269 756 emmae,

143 796 224 873 qnod
236 796 278 856 ita
290 795 335 854 bis
346 795 435 879 hebet
444 791 482 866 B,
492 787 546 865 35,
554 789 609 885 33.
624 788 696 852 136.
716 789 787 851 Non
797 793 908 852 minore
920 810 987 852 enm
997 791 1176 853 fidnsiatann
1187 791 1269 869 opti·

144 892 225 965 mum
243 903 332 963 Plinii
353 921 443 979 quam
455 901 721 982 praestantissimos
741 901 869 961 aliorum
887 902 1079 977 scriptorum,
1105 900 1149 961 nti
1167 901 1269 961 Medi·

144 1031 228 1074 eoum
237 1010 372 1088 Vergilii,
384 1012 497 1073 oodioes
509 1020 626 1072 seeutus
635 1012 667 1070 in
677 1010 830 1097 vocalibus
840 990 918 1088 quse
928 1009 1130 1071 dicuntur-sibi
1137 1009 1271 1071 neuen·

143 1094 367 1200 tes'genuinam
385 1121 475 1181 Plinii
493 1139 615 1181 manum
633 1120 815 1193 restituite,
829 1127 865 1178 nt
881 1120 1010 1197 pn'mum
1028 1119 1059 1179 in
1075 1118 1113 1177 iis
1130 1119 1270 1191 venitus,

144 1231 196 1291 ubi
209 1231 306 1307 vulgo,
315 1252 351 1292 ou
367 1249 432 1290 sese
446 1231 607 1315 excipiunt,
622 1231 738 1310 sempsr'
752 1229 912 1289 seritoerem
931 1247 993 1288 non
1006 1227 1096 1289 modo
1108 1230 1269 1301 solenter,

143 1344 310 1414 oooneulus,
320 1343 472 1419 parvolus,
486 1343 596 1417 volpes,
611 1342 721 1412 velnae,
736 1342 843 1415 volpes,
863 1339 995 1412 Volsinii,
1023 1338 1190 1427 Volturnus,
1203 1338 1269 1399 eel-

144 1459 202 1522 taa,
221 1452 318 1521 volvo,
340 1453 450 1510 evolsus
469 1455 500 1508 et
519 1451 646 1509 revolsus
665 1453 695 1506 et
708 1451 866 1522 convolsae,
881 1465 985 1506 venum
998 1446 1088 1506 etiam
1099 1430 1203 1518 aloem,
1216 1463 1271 1505 no·

142 1579 215 1632 vom,
229 1562 320 1620 vivom
334 1565 365 1617 et
377 1576 450 1617 casn
459 1557 638 1617 nominativo
652 1557 763 1629 Oalvos,
775 1559 866 1629 divos,
877 1574 974 1628 πονου,
984 1573 1098 1624 servasi
1107 1553 1220 1632 parites
1228 1554 1272 1614 sd

144 1667 296 1744 antiquam
311 1673 342 1725 at
355 1666 471 1744 optimis
484 1666 658 1728 testimoniis
673 1665 894 1742 comprobatum
908 1665 1087 1742 soriptnrsm
1098 1663 1198 1723 redire
1206 1681 1271 1725 nen

143 1777 278 1838 dubitavi
298 1775 365 1848 ubi,
386 1794 454 1834 oum
473 1774 565 1852 vulgo
585 1775 673 1834 souibi
692 1773 788 1833 soleat
807 1793 883 1852 qua,
903 1773 1029 1833 leetores
1042 1773 1101 1833 iens
1114 1773 1272 1833 inveniunt

144 1885 252 1945 iustam
272 1882 447 1959 scripturam
467 1901 522 1959 per
534 1902 580 1957 eu,
596 1901 685 1959 quem
704 1882 808 1942 refinxi
825 1882 857 1942 in
875 1901 982 1956 ewam,
994 1892 1105 1956 essum,
1119 1871 1271 1957 exunt,

145 2012 221 2066 esus,
236 1995 360 2063 tineent,
375 1966 516 2065 locamur,
531 1993 646 2064 relisus,
661 2001 807 2063 secuntur,
822 1992 902 2067 qnod
916 1991 1024 2069 ubique
1038 1991 1158 2052 exhstet
1169 1989 1199 2050 B
1211 2009 1272 2052 ex·

145 2101 237 2179 eeptis
257 2099 385 2160 fortasse
404 2099 476 2158 loeis
497 2093 550 2171 32,
571 2095 643 2159 123.
665 2095 718 2172 33,
735 2097 786 2160 70.
807 2095 858 2161 75.
873 2095 927 2173 34,
942 2095 995 2161 81.
1010 2095 1095 2174 161„
1108 2100 1271 2162 ubissrior

144 2210 293 2287 seriptina
305 2228 359 2286 per
373 2227 430 2286 quo
443 2207 598 2267 invenitur.
619 2207 700 2268 Huic
713 2208 878 2285 quaestioni
891 2209 1077 2286 adiungendo
1085 2218 1133 2270 eet
1141 2217 1272 2286 eognete

144 2320 183 2379 de
197 2319 295 2381 verbis
315 2322 412 2396 tinpuo
426 2323 457 2376 et
469 2336 544 2394 unqe
558 2335 626 2377 oum
645 2318 709 2378 suis
722 2318 908 2396 compositis,
922 2319 1074 2396 inquibus
1089 2321 1271 2397 mmm,

145 2432 282 2505 timere,
305 2431 444 2504 stupeant,
465 2429 639 2505 tinpuendis,
661 2429 776 2504 tinpuit,
796 2429 900 2503 tinpui,
914 2428 968 2487 sed
980 2429 1103 2504 tiopant,
1117 2431 1271 2505 usqum

144 2557 164 2597 s
177 2556 224 2597 me
238 2538 379 2614 seriptum
392 2536 551 2596 invenitur.
573 2535 691 2612 Magnis
705 2536 925 2595 diffionltatibus
939 2535 1066 2596 obnoxia
1077 2543 1123 2596 est
1135 2538 1271 2614 quaestio

145 2646 184 2704 de
208 2645 423 2706 adsimilatione
447 2622 696 2722 praepositionum
719 2645 750 2704 in
775 2645 920 2705 verbis'st
933 2645 1084 2705 adieetivis
1104 2645 1270 2707 adverbiu-

146 2773 203 2831 qne
224 2752 401 2830 compositis,
416 2771 504 2829 quam
517 2753 549 2812 in
567 2755 785 2832 praepositione
809 2758 851 2815 od
876 2756 987 2832 ubique
1010 2755 1128 2816 aenvsvi
1150 2760 1272 2833 nsoter

146 2865 240 2924 verbs
252 2865 410 2940 appellare,
424 2864 556 2922 assedere
574 2880 728 2943 panesque
747 2863 808 2922 elie
820 2865 997 2948 'saepissime
1016 2865 1119 2937 obvie,
1139 2869 1170 2924 st
1187 2864 1219 2924 in
1229 2864 1271 2925 iis

145 2972 255 3046 verbis,
271 2990 348 3048 quae
360 2972 504 3050 inoipinnt
514 2991 535 3032 a
547 2972 647 3032 littere
661 2983 683 3046 t,
698 2991 877 3051 quamquam
889 2974 921 3032 in
934 2975 992 3034 hae
1004 2990 1123 3050 quoqne
1132 2971 1228 3033 sodex
1239 2969 1270 3033 B

143 3083 301 3159 aliquoties
313 3082 443 3160 praefert
455 3085 487 3156 d,
501 3090 537 3142 nt
549 3083 692 3161 suiptnm
704 3082 737 3142 in
751 3101 786 3142 eo
800 3082 840 3142 sit
852 3085 962 3156 adiero,
979 3085 1120 3156 aarum,
1138 3084 1269 3158 adtiapo,

144 3194 277 3264 adtrahe,
292 3192 345 3276 nbi
357 3210 418 3250 non
431 3193 527 3267 magis
536 3210 557 3250 e
566 3184 689 3268 nnlgste
699 3193 844 3270 scriptura
852 3193 989 3252 resedere
1000 3210 1067 3252 sum
1077 3208 1168 3251 ausus
1177 3208 1270 3267 quem

145 3302 178 3359 in
197 3301 345 3374 scriptura
363 3300 497 3359 adverbii
514 3301 634 3376 aliquod
658 3320 715 3377 pro
732 3305 858 3379 aliquot,
879 3311 966 3378 aput,
980 3303 1022 3361 od
1033 3319 1089 3378 pso
1102 3311 1148 3373 at,
1161 3302 1269 3376 adque,

146 3417 225 3483 quot,
240 3408 354 3482 inquid,
368 3409 503 3484 reliquid,
517 3416 570 3478 eet,
586 3425 713 3482 quorum
727 3428 795 3469 oum
815 3409 959 3470 nonnulle
975 3428 1048 3470 vere
1064 3410 1205 3482 noenu,
1218 3426 1270 3469 sss

147 3522 245 3576 tamen
263 3514 394 3573 nondum
411 3533 447 3575 eo
466 3514 609 3592 perducta
628 3523 690 3589 est,
709 3526 744 3578 nt
763 3518 835 3578 serti
853 3517 965 3595 aliquid
977 3519 1016 3577 de
1030 3537 1067 3579 ea
1079 3519 1150 3596 poni
1161 3518 1269 3596 possit,

145 3643 213 3684 eum
225 3642 246 3683 a
259 3624 358 3683 litters
372 3641 475 3684 vocem
490 3631 660 3699 sequentem
673 3625 829 3702 insipiente
842 3628 1015 3705 pependisse
1033 3627 1178 3700 videstnn,
1191 3626 1270 3689 hane

145 3750 184 3793 an
192 3733 275 3792 illem
283 3733 410 3793 litteram
420 3731 578 3807 soniptoros
590 3743 740 3809 ponerent.
761 3735 823 3795 Vix
833 3754 975 3812 nmquam
987 3737 1026 3797 ad
1034 3735 1177 3813 liquidnm
1187 3736 1270 3814 spnd

145 3841 277 3901 Plinium
287 3848 368 3901 uerte
377 3858 425 3900 res
436 3839 598 3900 deduoetur
607 3842 640 3900 in
649 3844 866 3920 praepositione
879 3863 943 3906 east
952 3846 1015 3906 sive
1024 3863 1090 3918 oon,
1100 3845 1153 3905 ubi
1162 3863 1232 3906 enm
1240 3842 1269 3903 B

146 3951 219 4010 adeo
233 3950 343 4010 formas
357 3966 417 4010 non
429 3967 499 4010 reto
513 3950 660 4024 exhibeat,
674 3953 778 4029 quales
787 3961 859 4014 sunt
868 3958 1001 4032 eomjiero,
1014 3957 1181 4033 sonsum,
1190 3972 1268 4048 qm

140 4061 246 4136 stupro,
263 4060 419 4136 dentatus,
433 4058 511 4119 idem
521 4068 620 4120 tamen
629 4062 751 4123 exhibet
763 4065 911 4136 oenum,
925 4067 1051 4141 sonkpa,
1061 4065 1185 4136 edoce,
1198 4081 1268 4124 eon·

145 4171 232 4241 luceo,
247 4177 411 4245 conpacto,
425 4186 561 4246 oonparo,
576 4173 773 4248 conpendium,
786 4175 951 4250 sosptem,
965 4176 1128 4253 conplures,
1140 4173 1266 4250 eenpslt
