<?xml version="1.0" encoding="UTF-8"?>
<!DOCTYPE html PUBLIC "-//W3C//DTD XHTML 1.0 Transitional//EN"
    "http://www.w3.org/TR/xhtml1/DTD/xhtml1-transitional.dtd">
<html xmlns="http://www.w3.org/1999/xhtml" xml:lang="en" lang="en">
 <head>
  <title>
</title>
<meta http-equiv="Content-Type" content="text/html;charset=utf-8" />
  <meta name='ocr-system' content='tesseract 3.04.00' />
  <meta name='ocr-capabilities' content='ocr_page ocr_carea ocr_par ocr_line ocrx_word'/>
</head>
<body>
  <div class='ocr_page' id='page_1' title='image "./cplinisecundina00grongoog_0293.png"; bbox 0 0 2714 4710; ppageno 0'>
   <div class='ocr_carea' id='block_1_1' title="bbox 118 277 882 343">
    <p class='ocr_par' dir='ltr' id='par_1_1' title="bbox 118 277 882 343">
     <span class='ocr_line' id='line_1_1' title="bbox 118 277 882 343; baseline 0.005 -6"><span class='ocrx_word' id='word_1_1' title='bbox 118 277 179 339; x_wconf 78' lang='grc'>176</span> <span class='ocrx_word' id='word_1_2' title='bbox 465 293 667 343; x_wconf 71' lang='lat' dir='ltr'>strumam</span> <span class='ocrx_word' id='word_1_3' title='bbox 689 294 882 343; x_wconf 78' lang='lat' dir='ltr'>msroaus</span> 
     </span>
    </p>
   </div>
   <div class='ocr_carea' id='block_1_2' title="bbox 115 444 1345 2321">
    <p class='ocr_par' dir='ltr' id='par_1_2' title="bbox 115 444 1345 2321">
     <span class='ocr_line' id='line_1_2' title="bbox 117 444 1226 533; baseline 0.006 -25"><span class='ocrx_word' id='word_1_4' title='bbox 117 444 220 509; x_wconf 89' lang='lat' dir='ltr'>ditum</span> <span class='ocrx_word' id='word_1_5' title='bbox 242 456 304 522; x_wconf 90' lang='lat' dir='ltr'>est,</span> <span class='ocrx_word' id='word_1_6' title='bbox 325 444 387 509; x_wconf 92' lang='lat' dir='ltr'>hoc</span> <span class='ocrx_word' id='word_1_7' title='bbox 407 444 492 509; x_wconf 91' lang='lat' dir='ltr'>idem</span> <span class='ocrx_word' id='word_1_8' title='bbox 513 455 587 508; x_wconf 87' lang='lat' dir='ltr'>ante</span> <span class='ocrx_word' id='word_1_9' title='bbox 609 444 778 509; x_wconf 78' lang='lat' dir='ltr'>solstitium</span> <span class='ocrx_word' id='word_1_10' title='bbox 800 444 1012 533; x_wconf 75' lang='lat' dir='ltr'><strong>quadragenis</strong></span> <span class='ocrx_word' id='word_1_11' title='bbox 1033 445 1143 529; x_wconf 90' lang='lat' dir='ltr'>quinis</span> <span class='ocrx_word' id='word_1_12' title='bbox 1163 448 1226 515; x_wconf 90' lang='lat' dir='ltr'>die·</span> 
     </span>
     <span class='ocr_line' id='line_1_3' title="bbox 116 543 1228 630; baseline 0.004 -20"><span class='ocrx_word' id='word_1_13' title='bbox 116 545 178 610; x_wconf 92' lang='lat' dir='ltr'>bus</span> <span class='ocrx_word' id='word_1_14' title='bbox 201 543 397 628; x_wconf 89' lang='lat' dir='ltr'>totidemque</span> <span class='ocrx_word' id='word_1_15' title='bbox 418 556 530 629; x_wconf 86' lang='lat' dir='ltr'>postes</span> <span class='ocrx_word' id='word_1_16' title='bbox 550 544 619 610; x_wconf 89' lang='lat' dir='ltr'>fieri</span> <span class='ocrx_word' id='word_1_17' title='bbox 641 557 674 610; x_wconf 89' lang='lat' dir='ltr'>et</span> <span class='ocrx_word' id='word_1_18' title='bbox 694 567 753 630; x_wconf 91' lang='lat' dir='ltr'>per</span> <span class='ocrx_word' id='word_1_19' title='bbox 775 568 829 611; x_wconf 90' lang='lat' dir='ltr'>eos</span> <span class='ocrx_word' id='word_1_20' title='bbox 851 562 898 610; x_wconf 85' lang='lat' dir='ltr'>xc</span> <span class='ocrx_word' id='word_1_21' title='bbox 919 545 990 611; x_wconf 87' lang='lat' dir='ltr'>dies</span> <span class='ocrx_word' id='word_1_22' title='bbox 1009 546 1044 611; x_wconf 94' lang='lat' dir='ltr'>in</span> <span class='ocrx_word' id='word_1_23' title='bbox 1065 548 1228 615; x_wconf 84' lang='lat' dir='ltr'>meridiem</span> 
     </span>
     <span class='ocr_line' id='line_1_4' title="bbox 116 643 1278 736; baseline 0 -25"><span class='ocrx_word' id='word_1_24' title='bbox 116 647 247 712; x_wconf 87' lang='lat' dir='ltr'>umbras</span> <span class='ocrx_word' id='word_1_25' title='bbox 268 646 340 711; x_wconf 89' lang='lat' dir='ltr'>iaci.</span> <span class='ocrx_word' id='word_1_26' title='bbox 367 645 491 711; x_wconf 81' lang='lat' dir='ltr'>Rursus</span> <span class='ocrx_word' id='word_1_27' title='bbox 512 645 546 708; x_wconf 92' lang='lat' dir='ltr'>in</span> <span class='ocrx_word' id='word_1_28' title='bbox 567 643 681 713; x_wconf 88' lang='lat' dir='ltr'>Meroe</span> <span class='ocrx_word' id='word_1_29' title='bbox 703 644 824 732; x_wconf 88' lang='lat' dir='ltr'>(insula</span> <span class='ocrx_word' id='word_1_30' title='bbox 843 645 923 711; x_wconf 90' lang='lat' dir='ltr'>haec</span> <span class='ocrx_word' id='word_1_31' title='bbox 943 657 1107 731; x_wconf 79' lang='lat' dir='ltr'>caputque</span> <span class='ocrx_word' id='word_1_32' title='bbox 1127 650 1278 736; x_wconf 77' lang='lat' dir='ltr'>gentiam</span> 
     </span>
     <span class='ocr_line' id='line_1_5' title="bbox 117 742 1229 832; baseline 0.004 -22"><span class='ocrx_word' id='word_1_33' title='bbox 117 746 314 832; x_wconf 75' lang='lat' dir='ltr'>Aethiopum</span> <span class='ocrx_word' id='word_1_34' title='bbox 336 745 477 829; x_wconf 89' lang='lat' dir='ltr'>quinque</span> <span class='ocrx_word' id='word_1_35' title='bbox 498 744 629 809; x_wconf 85' lang='lat' dir='ltr'>milibus</span> <span class='ocrx_word' id='word_1_36' title='bbox 651 746 789 810; x_wconf 90' lang='lat' dir='ltr'>stadium</span> <span class='ocrx_word' id='word_1_37' title='bbox 810 768 830 809; x_wconf 90' lang='lat' dir='ltr'>a</span> <span class='ocrx_word' id='word_1_38' title='bbox 852 742 960 829; x_wconf 86' lang='lat' dir='ltr'>Syene</span> <span class='ocrx_word' id='word_1_39' title='bbox 988 746 1140 812; x_wconf 80' lang='lat' dir='ltr'>in-amne</span> <span class='ocrx_word' id='word_1_40' title='bbox 1159 747 1229 815; x_wconf 89' lang='lat' dir='ltr'>Nilo</span> 
     </span>
     <span class='ocr_line' id='line_1_6' title="bbox 116 844 1230 929; baseline 0 -16"><span class='ocrx_word' id='word_1_41' title='bbox 116 845 292 929; x_wconf 85' lang='lat' dir='ltr'>habitatur)</span> <span class='ocrx_word' id='word_1_42' title='bbox 319 845 369 909; x_wconf 91' lang='lat' dir='ltr'>bis</span> <span class='ocrx_word' id='word_1_43' title='bbox 396 866 479 908; x_wconf 86' lang='lat' dir='ltr'>anno</span> <span class='ocrx_word' id='word_1_44' title='bbox 510 844 636 929; x_wconf 79' lang='lat' dir='ltr'>apsumi</span> <span class='ocrx_word' id='word_1_45' title='bbox 667 844 812 923; x_wconf 88' lang='lat' dir='ltr'>umbras,</span> <span class='ocrx_word' id='word_1_46' title='bbox 845 846 912 911; x_wconf 87' lang='lat' dir='ltr'>sole</span> <span class='ocrx_word' id='word_1_47' title='bbox 942 845 1230 913; x_wconf 86' lang='lat' dir='ltr'>duodevicesimam</span> 
     </span>
     <span class='ocr_line' id='line_1_7' title="bbox 117 944 1230 1030; baseline 0.002 -18"><span class='ocrx_word' id='word_1_48' title='bbox 117 947 199 1012; x_wconf 88' lang='lat' dir='ltr'>tauri</span> <span class='ocrx_word' id='word_1_49' title='bbox 219 957 345 1030; x_wconf 88' lang='lat' dir='ltr'>partem</span> <span class='ocrx_word' id='word_1_50' title='bbox 367 954 400 1009; x_wconf 91' lang='lat' dir='ltr'>et</span> <span class='ocrx_word' id='word_1_51' title='bbox 420 944 723 1027; x_wconf 84' lang='lat' dir='ltr'>quartamdecimam</span> <span class='ocrx_word' id='word_1_52' title='bbox 743 945 844 1011; x_wconf 88' lang='lat' dir='ltr'>leonis</span> <span class='ocrx_word' id='word_1_53' title='bbox 870 946 1045 1030; x_wconf 84' lang='lat' dir='ltr'>optinente.</span> <span class='ocrx_word' id='word_1_54' title='bbox 1078 946 1120 1013; x_wconf 88' lang='lat' dir='ltr'>In</span> <span class='ocrx_word' id='word_1_55' title='bbox 1139 947 1230 1013; x_wconf 89' lang='lat' dir='ltr'>India</span> 
     </span>
     <span class='ocr_line' id='line_1_8' title="bbox 116 1043 1229 1137; baseline 0.001 -25"><span class='ocrx_word' id='word_1_56' title='bbox 116 1058 214 1137; x_wconf 82' lang='lat' dir='ltr'>gente</span> <span class='ocrx_word' id='word_1_57' title='bbox 229 1044 366 1110; x_wconf 84' lang='lat' dir='ltr'>Oretum</span> <span class='ocrx_word' id='word_1_58' title='bbox 389 1067 480 1110; x_wconf 91' lang='lat' dir='ltr'>mons</span> <span class='ocrx_word' id='word_1_59' title='bbox 503 1055 552 1109; x_wconf 92' lang='lat' dir='ltr'>est</span> <span class='ocrx_word' id='word_1_60' title='bbox 564 1043 690 1111; x_wconf 80' lang='lat' dir='ltr'>Maleus</span> <span class='ocrx_word' id='word_1_61' title='bbox 712 1046 849 1124; x_wconf 90' lang='lat' dir='ltr'>nomine,</span> <span class='ocrx_word' id='word_1_62' title='bbox 871 1046 961 1111; x_wconf 86' lang='lat' dir='ltr'>iuxta</span> <span class='ocrx_word' id='word_1_63' title='bbox 981 1069 1080 1131; x_wconf 83' lang='lat' dir='ltr'>quem</span> <span class='ocrx_word' id='word_1_64' title='bbox 1100 1049 1229 1115; x_wconf 89' lang='lat' dir='ltr'>umbrae</span> 
     </span>
     <span class='ocr_line' id='line_1_9' title="bbox 116 1144 1229 1232; baseline 0.003 -19"><span class='ocrx_word' id='word_1_65' title='bbox 116 1158 238 1213; x_wconf 76' lang='lat' dir='ltr'>aestate</span> <span class='ocrx_word' id='word_1_66' title='bbox 260 1146 294 1210; x_wconf 92' lang='lat' dir='ltr'>in</span> <span class='ocrx_word' id='word_1_67' title='bbox 315 1156 468 1223; x_wconf 82' lang='lat' dir='ltr'>austrum,</span> <span class='ocrx_word' id='word_1_68' title='bbox 491 1144 596 1210; x_wconf 87' lang='lat' dir='ltr'>hieme</span> <span class='ocrx_word' id='word_1_69' title='bbox 617 1144 651 1209; x_wconf 91' lang='lat' dir='ltr'>in</span> <span class='ocrx_word' id='word_1_70' title='bbox 672 1146 920 1232; x_wconf 88' lang='lat' dir='ltr'>septentrionem</span> <span class='ocrx_word' id='word_1_71' title='bbox 932 1147 1103 1215; x_wconf 88' lang='lat' dir='ltr'>iaciuntur.</span> <span class='ocrx_word' id='word_1_72' title='bbox 1127 1147 1229 1231; x_wconf 81' lang='lat' dir='ltr'>Quin-</span> 
     </span>
     <span class='ocr_line' id='line_1_10' title="bbox 117 1244 1230 1333; baseline 0 -18"><span class='ocrx_word' id='word_1_73' title='bbox 117 1249 221 1315; x_wconf 89' lang='lat' dir='ltr'>decim</span> <span class='ocrx_word' id='word_1_74' title='bbox 253 1258 378 1311; x_wconf 85' lang='lat' dir='ltr'>tantum</span> <span class='ocrx_word' id='word_1_75' title='bbox 408 1245 554 1312; x_wconf 90' lang='lat' dir='ltr'>noctibus</span> <span class='ocrx_word' id='word_1_76' title='bbox 586 1244 631 1311; x_wconf 92' lang='lat' dir='ltr'>ibi</span> <span class='ocrx_word' id='word_1_77' title='bbox 662 1246 796 1332; x_wconf 85' lang='lat' dir='ltr'>adparet</span> <span class='ocrx_word' id='word_1_78' title='bbox 828 1248 1012 1333; x_wconf 86' lang='lat' dir='ltr'>septentrio.</span> <span class='ocrx_word' id='word_1_79' title='bbox 1048 1248 1089 1313; x_wconf 89' lang='lat' dir='ltr'>In</span> <span class='ocrx_word' id='word_1_80' title='bbox 1121 1250 1230 1315; x_wconf 86' lang='lat' dir='ltr'>eadem</span> 
     </span>
     <span class='ocr_line' id='line_1_11' title="bbox 116 1344 1230 1429; baseline -0.002 -14"><span class='ocrx_word' id='word_1_81' title='bbox 116 1350 210 1415; x_wconf 90' lang='lat' dir='ltr'>ludia</span> <span class='ocrx_word' id='word_1_82' title='bbox 222 1348 345 1413; x_wconf 88' lang='lat' dir='ltr'>Patalis</span> <span class='ocrx_word' id='word_1_83' title='bbox 369 1344 575 1413; x_wconf 89' lang='lat' dir='ltr'>celeberrimo</span> <span class='ocrx_word' id='word_1_84' title='bbox 597 1356 693 1429; x_wconf 90' lang='lat' dir='ltr'>portu</span> <span class='ocrx_word' id='word_1_85' title='bbox 715 1347 762 1412; x_wconf 92' lang='lat' dir='ltr'>sol</span> <span class='ocrx_word' id='word_1_86' title='bbox 783 1347 897 1412; x_wconf 87' lang='lat' dir='ltr'>dexter</span> <span class='ocrx_word' id='word_1_87' title='bbox 912 1349 1024 1426; x_wconf 83' lang='lat' dir='ltr'>oritur,</span> <span class='ocrx_word' id='word_1_88' title='bbox 1045 1349 1179 1415; x_wconf 85' lang='lat' dir='ltr'>umbrae</span> <span class='ocrx_word' id='word_1_89' title='bbox 1197 1349 1230 1413; x_wconf 90' lang='lat' dir='ltr'>in</span> 
     </span>
     <span class='ocr_line' id='line_1_12' title="bbox 116 1442 1345 1529; baseline -0.001 -14"><span class='ocrx_word' id='word_1_90' title='bbox 116 1451 282 1515; x_wconf 88' lang='lat' dir='ltr'>meridiem</span> <span class='ocrx_word' id='word_1_91' title='bbox 310 1447 438 1511; x_wconf 85' lang='lat' dir='ltr'>cadunt.</span> <span class='ocrx_word' id='word_1_92' title='bbox 483 1442 756 1528; x_wconf 88' lang='lat' dir='ltr'>Septentrionem,</span> <span class='ocrx_word' id='word_1_93' title='bbox 790 1445 835 1511; x_wconf 90' lang='lat' dir='ltr'>ibi</span> <span class='ocrx_word' id='word_1_94' title='bbox 863 1446 1050 1512; x_wconf 85' lang='lat' dir='ltr'>Alexandro</span> <span class='ocrx_word' id='word_1_95' title='bbox 1077 1460 1228 1529; x_wconf 87' lang='lat' dir='ltr'>morante,</span> <span class='ocrx_word' id='word_1_96' title='bbox 1242 1469 1281 1514; x_wconf 73' lang='lat' dir='ltr'>ta</span> <span class='ocrx_word' id='word_1_97' title='bbox 1301 1462 1345 1505; x_wconf 71' lang='lat'>“³</span> 
     </span>
     <span class='ocr_line' id='line_1_13' title="bbox 117 1545 1231 1632; baseline -0.001 -15"><span class='ocrx_word' id='word_1_98' title='bbox 117 1551 304 1617; x_wconf 84' lang='lat' dir='ltr'>adnotatum</span> <span class='ocrx_word' id='word_1_99' title='bbox 332 1546 435 1630; x_wconf 89' lang='lat' dir='ltr'>prima</span> <span class='ocrx_word' id='word_1_100' title='bbox 462 1554 585 1608; x_wconf 85' lang='lat' dir='ltr'>tantum</span> <span class='ocrx_word' id='word_1_101' title='bbox 610 1555 701 1628; x_wconf 85' lang='lat' dir='ltr'>perte</span> <span class='ocrx_word' id='word_1_102' title='bbox 729 1545 834 1611; x_wconf 90' lang='lat' dir='ltr'>noctis</span> <span class='ocrx_word' id='word_1_103' title='bbox 860 1547 992 1632; x_wconf 87' lang='lat' dir='ltr'>adspici.</span> <span class='ocrx_word' id='word_1_104' title='bbox 1030 1546 1231 1615; x_wconf 82' lang='lat' dir='ltr'>Onesicritus</span> 
     </span>
     <span class='ocr_line' id='line_1_14' title="bbox 116 1645 1230 1732; baseline -0.001 -15"><span class='ocrx_word' id='word_1_105' title='bbox 116 1655 184 1717; x_wconf 87' lang='lat' dir='ltr'>dux</span> <span class='ocrx_word' id='word_1_106' title='bbox 214 1650 283 1715; x_wconf 88' lang='lat' dir='ltr'>eius</span> <span class='ocrx_word' id='word_1_107' title='bbox 306 1646 448 1732; x_wconf 81' lang='lat' dir='ltr'>scripsit,</span> <span class='ocrx_word' id='word_1_108' title='bbox 482 1646 598 1730; x_wconf 90' lang='lat' dir='ltr'>quibus</span> <span class='ocrx_word' id='word_1_109' title='bbox 626 1646 661 1709; x_wconf 92' lang='lat' dir='ltr'>in</span> <span class='ocrx_word' id='word_1_110' title='bbox 682 1645 760 1711; x_wconf 91' lang='lat' dir='ltr'>locis</span> <span class='ocrx_word' id='word_1_111' title='bbox 786 1645 898 1713; x_wconf 86' lang='lat' dir='ltr'>Indiae</span> <span class='ocrx_word' id='word_1_112' title='bbox 919 1647 1050 1715; x_wconf 90' lang='lat' dir='ltr'>umbrae</span> <span class='ocrx_word' id='word_1_113' title='bbox 1070 1672 1138 1715; x_wconf 87' lang='lat' dir='ltr'>non</span> <span class='ocrx_word' id='word_1_114' title='bbox 1158 1650 1230 1729; x_wconf 89' lang='lat' dir='ltr'>sint,</span> 
     </span>
     <span class='ocr_line' id='line_1_15' title="bbox 118 1746 1229 1838; baseline -0.003 -18"><span class='ocrx_word' id='word_1_115' title='bbox 118 1751 368 1838; x_wconf 86' lang='lat' dir='ltr'>septentrionem</span> <span class='ocrx_word' id='word_1_116' title='bbox 389 1769 453 1811; x_wconf 90' lang='lat' dir='ltr'>non</span> <span class='ocrx_word' id='word_1_117' title='bbox 475 1746 615 1831; x_wconf 90' lang='lat' dir='ltr'>conspici</span> <span class='ocrx_word' id='word_1_118' title='bbox 621 1768 630 1821; x_wconf 92' lang='lat'>;</span> <span class='ocrx_word' id='word_1_119' title='bbox 660 1768 699 1811; x_wconf 89' lang='lat' dir='ltr'>ea</span> <span class='ocrx_word' id='word_1_120' title='bbox 718 1747 788 1812; x_wconf 89' lang='lat' dir='ltr'>loca</span> <span class='ocrx_word' id='word_1_121' title='bbox 808 1747 963 1833; x_wconf 87' lang='lat' dir='ltr'>appellari</span> <span class='ocrx_word' id='word_1_122' title='bbox 983 1748 1071 1815; x_wconf 86' lang='lat' dir='ltr'>ascia</span> <span class='ocrx_word' id='word_1_123' title='bbox 1092 1773 1154 1819; x_wconf 90' lang='lat' dir='ltr'>nec</span> <span class='ocrx_word' id='word_1_124' title='bbox 1173 1751 1229 1817; x_wconf 87' lang='lat' dir='ltr'>ho-</span> 
     </span>
     <span class='ocr_line' id='line_1_16' title="bbox 116 1846 461 1917; baseline -0.02 0"><span class='ocrx_word' id='word_1_125' title='bbox 116 1875 168 1917; x_wconf 86' lang='lat' dir='ltr'>ras</span> <span class='ocrx_word' id='word_1_126' title='bbox 191 1849 386 1914; x_wconf 89' lang='lat' dir='ltr'>dinumerari</span> <span class='ocrx_word' id='word_1_127' title='bbox 406 1846 461 1912; x_wconf 90' lang='lat' dir='ltr'>ibi.</span> 
     </span>
     <span class='ocr_line' id='line_1_17' title="bbox 158 1945 1231 2040; baseline 0.006 -27"><span class='ocrx_word' id='word_1_128' title='bbox 158 1947 323 2013; x_wconf 87' lang='lat' dir='ltr'>LXXIV.</span> <span class='ocrx_word' id='word_1_129' title='bbox 352 1948 402 2011; x_wconf 83' lang='lat'>76.</span> <span class='ocrx_word' id='word_1_130' title='bbox 425 1946 471 2010; x_wconf 87' lang='lat' dir='ltr'>Et</span> <span class='ocrx_word' id='word_1_131' title='bbox 491 1957 558 2010; x_wconf 91' lang='lat' dir='ltr'>tota</span> <span class='ocrx_word' id='word_1_132' title='bbox 572 1945 789 2032; x_wconf 83' lang='lat' dir='ltr'>Trogodytice</span> <span class='ocrx_word' id='word_1_133' title='bbox 810 1949 940 2014; x_wconf 86' lang='lat' dir='ltr'>umbras</span> <span class='ocrx_word' id='word_1_134' title='bbox 954 1949 1005 2015; x_wconf 91' lang='lat' dir='ltr'>bis</span> <span class='ocrx_word' id='word_1_135' title='bbox 1019 1952 1231 2040; x_wconf 77' lang='lat' dir='ltr'>quadraginta</span> 
     </span>
     <span class='ocr_line' id='line_1_18' title="bbox 116 2045 1230 2137; baseline 0.004 -21"><span class='ocrx_word' id='word_1_136' title='bbox 116 2051 257 2137; x_wconf 86' lang='lat' dir='ltr'>quinque</span> <span class='ocrx_word' id='word_1_137' title='bbox 287 2047 400 2113; x_wconf 85' lang='lat' dir='ltr'>diebus</span> <span class='ocrx_word' id='word_1_138' title='bbox 427 2046 461 2111; x_wconf 92' lang='lat' dir='ltr'>in</span> <span class='ocrx_word' id='word_1_139' title='bbox 488 2068 572 2111; x_wconf 87' lang='lat' dir='ltr'>anno</span> <span class='ocrx_word' id='word_1_140' title='bbox 593 2045 822 2115; x_wconf 83' lang='lat' dir='ltr'>Eratosthenes</span> <span class='ocrx_word' id='word_1_141' title='bbox 847 2049 881 2114; x_wconf 93' lang='lat' dir='ltr'>in</span> <span class='ocrx_word' id='word_1_142' title='bbox 901 2050 1096 2117; x_wconf 89' lang='lat' dir='ltr'>contrarium</span> <span class='ocrx_word' id='word_1_143' title='bbox 1115 2054 1230 2119; x_wconf 88' lang='lat' dir='ltr'>cadere</span> 
     </span>
     <span class='ocr_line' id='line_1_19' title="bbox 138 2150 267 2217; baseline -0.031 0"><span class='ocrx_word' id='word_1_144' title='bbox 138 2150 267 2217; x_wconf 89' lang='lat' dir='ltr'>redidit.</span> 
     </span>
     <span class='ocr_line' id='line_1_20' title="bbox 115 2177 1332 2321; baseline -0.001 -5"><span class='ocrx_word' id='word_1_145' title='bbox 115 2177 137 2240; x_wconf 77' lang='lat' dir='ltr'>p</span> <span class='ocrx_word' id='word_1_146' title='bbox 157 2249 306 2316; x_wconf 87' lang='lat' dir='ltr'>LXXV.</span> <span class='ocrx_word' id='word_1_147' title='bbox 339 2247 390 2312; x_wconf 81' lang='lat'>77.</span> <span class='ocrx_word' id='word_1_148' title='bbox 418 2244 475 2312; x_wconf 84' lang='lat' dir='ltr'>Sic</span> <span class='ocrx_word' id='word_1_149' title='bbox 502 2247 539 2310; x_wconf 89' lang='lat' dir='ltr'>fit</span> <span class='ocrx_word' id='word_1_150' title='bbox 565 2258 602 2311; x_wconf 90' lang='lat' dir='ltr'>ut</span> <span class='ocrx_word' id='word_1_151' title='bbox 627 2248 715 2314; x_wconf 88' lang='lat' dir='ltr'>vario</span> <span class='ocrx_word' id='word_1_152' title='bbox 741 2249 821 2317; x_wconf 90' lang='lat' dir='ltr'>lucis</span> <span class='ocrx_word' id='word_1_153' title='bbox 847 2251 1042 2318; x_wconf 89' lang='lat' dir='ltr'>incremento</span> <span class='ocrx_word' id='word_1_154' title='bbox 1061 2253 1097 2318; x_wconf 90' lang='lat' dir='ltr'>in</span> <span class='ocrx_word' id='word_1_155' title='bbox 1118 2253 1332 2321; x_wconf 81' lang='lat' dir='ltr'>Meroc11</span> 
     </span>
    </p>
   </div>
   <div class='ocr_carea' id='block_1_3' title="bbox 115 2348 1229 2441">
    <p class='ocr_par' dir='ltr' id='par_1_3' title="bbox 115 2348 1229 2441">
     <span class='ocr_line' id='line_1_21' title="bbox 115 2348 1229 2441; baseline 0.004 -23"><span class='ocrx_word' id='word_1_156' title='bbox 115 2351 318 2441; x_wconf 87' lang='lat' dir='ltr'>longissimus</span> <span class='ocrx_word' id='word_1_157' title='bbox 340 2350 408 2415; x_wconf 90' lang='lat' dir='ltr'>dies</span> <span class='ocrx_word' id='word_1_158' title='bbox 430 2367 483 2414; x_wconf 87' lang='lat' dir='ltr'>x11</span> <span class='ocrx_word' id='word_1_159' title='bbox 503 2348 598 2413; x_wconf 86' lang='lat' dir='ltr'>horas</span> <span class='ocrx_word' id='word_1_160' title='bbox 620 2349 860 2433; x_wconf 82' lang='lat' dir='ltr'>aequinoctialis</span> <span class='ocrx_word' id='word_1_161' title='bbox 882 2362 915 2416; x_wconf 89' lang='lat' dir='ltr'>et</span> <span class='ocrx_word' id='word_1_162' title='bbox 934 2363 1005 2418; x_wconf 89' lang='lat' dir='ltr'>octo</span> <span class='ocrx_word' id='word_1_163' title='bbox 1019 2353 1122 2438; x_wconf 84' lang='lat' dir='ltr'>partis</span> <span class='ocrx_word' id='word_1_164' title='bbox 1135 2355 1229 2421; x_wconf 88' lang='lat' dir='ltr'>unius</span> 
     </span>
    </p>
   </div>
   <div class='ocr_carea' id='block_1_4' title="bbox 112 2557 1353 4164">
    <p class='ocr_par' dir='ltr' id='par_1_4' title="bbox 117 2557 1227 2686">
     <span class='ocr_line' id='line_1_22' title="bbox 151 2557 1227 2625; baseline 0.001 -16"><span class='ocrx_word' id='word_1_165' title='bbox 151 2559 319 2624; x_wconf 66' lang='lat' dir='ltr'>quadripenia</span> <span class='ocrx_word' id='word_1_166' title='bbox 335 2571 360 2605; x_wconf 82' lang='grc' dir='ltr'>σ.</span> <span class='ocrx_word' id='word_1_167' title='bbox 380 2597 410 2604; x_wconf 87' lang='grc'>..</span> <span class='ocrx_word' id='word_1_168' title='bbox 426 2565 517 2620; x_wconf 85' lang='lat' dir='ltr'>postea,</span> <span class='ocrx_word' id='word_1_169' title='bbox 533 2557 605 2605; x_wconf 90' lang='lat' dir='ltr'>Rad.</span> <span class='ocrx_word' id='word_1_170' title='bbox 630 2566 691 2619; x_wconf 84' lang='lat' dir='ltr'>post,</span> <span class='ocrx_word' id='word_1_171' title='bbox 707 2573 727 2605; x_wconf 89' lang='lat' dir='ltr'>r.</span> <span class='ocrx_word' id='word_1_172' title='bbox 747 2598 777 2605; x_wconf 81' lang='grc'>-</span> <span class='ocrx_word' id='word_1_173' title='bbox 792 2573 847 2622; x_wconf 83' lang='lat' dir='ltr'>per,</span> <span class='ocrx_word' id='word_1_174' title='bbox 863 2560 966 2610; x_wconf 88' lang='lat' dir='ltr'>Barbar.</span> <span class='ocrx_word' id='word_1_175' title='bbox 978 2562 1051 2611; x_wconf 87' lang='lat' dir='ltr'>Rad.</span> <span class='ocrx_word' id='word_1_176' title='bbox 1073 2570 1136 2625; x_wconf 84' lang='lat' dir='ltr'>post,</span> <span class='ocrx_word' id='word_1_177' title='bbox 1148 2562 1179 2611; x_wconf 87' lang='lat' dir='ltr'>T.</span> <span class='ocrx_word' id='word_1_178' title='bbox 1198 2602 1227 2610; x_wconf 84' lang='grc'>-</span> 
     </span>
     <span class='ocr_line' id='line_1_23' title="bbox 117 2622 503 2686; baseline -0.01 -12"><span class='ocrx_word' id='word_1_179' title='bbox 117 2628 151 2686; x_wconf 85' lang='lat' dir='ltr'>in,</span> <span class='ocrx_word' id='word_1_180' title='bbox 164 2643 213 2675; x_wconf 92' lang='lat' dir='ltr'>om.</span> <span class='ocrx_word' id='word_1_181' title='bbox 227 2627 258 2674; x_wconf 86' lang='grc' dir='ltr'>Τ.</span> <span class='ocrx_word' id='word_1_182' title='bbox 272 2664 303 2671; x_wconf 85' lang='grc'>-</span> <span class='ocrx_word' id='word_1_183' title='bbox 323 2623 379 2681; x_wconf 85' lang='lat' dir='ltr'>iaci,</span> <span class='ocrx_word' id='word_1_184' title='bbox 393 2637 442 2670; x_wconf 89' lang='lat' dir='ltr'>om.</span> <span class='ocrx_word' id='word_1_185' title='bbox 455 2622 503 2673; x_wconf 81' lang='lat' dir='ltr'>R&#39;.</span> 
     </span>
    </p>

    <p class='ocr_par' dir='ltr' id='par_1_5' title="bbox 151 2686 1228 2760">
     <span class='ocr_line' id='line_1_24' title="bbox 151 2686 1228 2760; baseline 0.005 -20"><span class='ocrx_word' id='word_1_186' title='bbox 151 2694 235 2755; x_wconf 65' lang='lat' dir='ltr'>§lta</span> <span class='ocrx_word' id='word_1_187' title='bbox 253 2688 351 2738; x_wconf 79' lang='lat' dir='ltr'>Rursus</span> <span class='ocrx_word' id='word_1_188' title='bbox 364 2728 395 2736; x_wconf 82' lang='grc'>-</span> <span class='ocrx_word' id='word_1_189' title='bbox 409 2686 469 2737; x_wconf 81' lang='lat' dir='ltr'>irasc</span> <span class='ocrx_word' id='word_1_190' title='bbox 489 2705 538 2737; x_wconf 92' lang='lat' dir='ltr'>om.</span> <span class='ocrx_word' id='word_1_191' title='bbox 551 2687 591 2737; x_wconf 73' lang='lat'>(1¹.</span> <span class='ocrx_word' id='word_1_192' title='bbox 611 2729 642 2737; x_wconf 86' lang='lat'><em>-</em></span> <span class='ocrx_word' id='word_1_193' title='bbox 665 2689 743 2751; x_wconf 82' lang='lat' dir='ltr'>Mero,</span> <span class='ocrx_word' id='word_1_194' title='bbox 759 2691 808 2742; x_wconf 87' lang='lat' dir='ltr'>R¹.</span> <span class='ocrx_word' id='word_1_195' title='bbox 827 2733 858 2741; x_wconf 81' lang='grc'><strong>-</strong></span> <span class='ocrx_word' id='word_1_196' title='bbox 877 2691 937 2744; x_wconf 79' lang='lat' dir='ltr'>iaec</span> <span class='ocrx_word' id='word_1_197' title='bbox 952 2703 1079 2760; x_wconf 79' lang='lat' dir='ltr'>caputque,</span> <span class='ocrx_word' id='word_1_198' title='bbox 1096 2695 1150 2747; x_wconf 81' lang='lat' dir='ltr'>Ta.</span> <span class='ocrx_word' id='word_1_199' title='bbox 1170 2696 1228 2747; x_wconf 78' lang='lat' dir='ltr'>taes</span> 
     </span>
    </p>

    <p class='ocr_par' dir='ltr' id='par_1_6' title="bbox 116 2753 1230 3290">
     <span class='ocr_line' id='line_1_25' title="bbox 117 2753 1228 2827; baseline 0.01 -26"><span class='ocrx_word' id='word_1_200' title='bbox 117 2755 293 2822; x_wconf 55' lang='lat' dir='ltr'>capudqoaffl.</span> <span class='ocrx_word' id='word_1_201' title='bbox 320 2753 523 2818; x_wconf 80' lang='lat' dir='ltr'>haecestcapud,</span> <span class='ocrx_word' id='word_1_202' title='bbox 536 2758 574 2805; x_wconf 89' lang='lat' dir='ltr'>d².</span> <span class='ocrx_word' id='word_1_203' title='bbox 601 2757 776 2820; x_wconf 57' lang='lat' dir='ltr'>sperarant</span> <span class='ocrx_word' id='word_1_204' title='bbox 794 2760 1103 2826; x_wconf 78' lang='lat' dir='ltr'>iaecqnacsstctcapat,</span> <span class='ocrx_word' id='word_1_205' title='bbox 1117 2756 1145 2811; x_wconf 83' lang='grc' dir='ltr'>θ.</span> <span class='ocrx_word' id='word_1_206' title='bbox 1169 2780 1228 2827; x_wconf 84' lang='lat' dir='ltr'>quac</span> 
     </span>
     <span class='ocr_line' id='line_1_26' title="bbox 117 2817 1230 2893; baseline 0.002 -18"><span class='ocrx_word' id='word_1_207' title='bbox 117 2835 155 2876; x_wconf 82' lang='lat' dir='ltr'>cst</span> <span class='ocrx_word' id='word_1_208' title='bbox 164 2834 245 2888; x_wconf 82' lang='lat' dir='ltr'>capet,</span> <span class='ocrx_word' id='word_1_209' title='bbox 257 2825 360 2874; x_wconf 85' lang='lat' dir='ltr'>Robert.</span> <span class='ocrx_word' id='word_1_210' title='bbox 372 2817 401 2882; x_wconf 77' lang='grc' dir='ltr'>β.</span> <span class='ocrx_word' id='word_1_211' title='bbox 422 2821 553 2872; x_wconf 87' lang='lat' dir='ltr'>Nonnulla</span> <span class='ocrx_word' id='word_1_212' title='bbox 567 2832 649 2872; x_wconf 85' lang='lat' dir='ltr'>mutat</span> <span class='ocrx_word' id='word_1_213' title='bbox 665 2823 771 2875; x_wconf 85' lang='lat' dir='ltr'>Salmas.</span> <span class='ocrx_word' id='word_1_214' title='bbox 787 2827 805 2875; x_wconf 92' lang='lat' dir='ltr'>l.</span> <span class='ocrx_word' id='word_1_215' title='bbox 821 2827 838 2875; x_wconf 89' lang='lat' dir='ltr'>l.</span> <span class='ocrx_word' id='word_1_216' title='bbox 851 2828 876 2876; x_wconf 90' lang='lat' dir='ltr'>b.</span> <span class='ocrx_word' id='word_1_217' title='bbox 889 2827 919 2877; x_wconf 85' lang='lat' dir='ltr'>C.</span> <span class='ocrx_word' id='word_1_218' title='bbox 938 2867 970 2876; x_wconf 90' lang='lat'>..</span> <span class='ocrx_word' id='word_1_219' title='bbox 1004 2829 1101 2893; x_wconf 83' lang='lat' dir='ltr'>niaque,</span> <span class='ocrx_word' id='word_1_220' title='bbox 1114 2830 1230 2880; x_wconf 81' lang='lat' dir='ltr'>R&#39;l&#39;ads</span> 
     </span>
     <span class='ocr_line' id='line_1_27' title="bbox 116 2845 1227 2962; baseline 0.002 -19"><span class='ocrx_word' id='word_1_221' title='bbox 116 2888 247 2956; x_wconf 84' lang='lat' dir='ltr'>(Robert.)</span> <span class='ocrx_word' id='word_1_222' title='bbox 274 2898 298 2939; x_wconf 85' lang='lat' dir='ltr'>et</span> <span class='ocrx_word' id='word_1_223' title='bbox 319 2890 434 2953; x_wconf 83' lang='lat' dir='ltr'>quinque,</span> <span class='ocrx_word' id='word_1_224' title='bbox 454 2883 482 2948; x_wconf 75' lang='grc' dir='ltr'>β.</span> <span class='ocrx_word' id='word_1_225' title='bbox 510 2929 541 2937; x_wconf 89' lang='grc'>..</span> <span class='ocrx_word' id='word_1_226' title='bbox 567 2888 682 2952; x_wconf 81' lang='lat' dir='ltr'>statium,</span> <span class='ocrx_word' id='word_1_227' title='bbox 702 2885 772 2941; x_wconf 74' lang='lat' dir='ltr'>[iad.</span> <span class='ocrx_word' id='word_1_228' title='bbox 797 2845 1179 2962; x_wconf 57' lang='lat' dir='ltr'>stadicrnmAEiRobert-ffir.</span> <span class='ocrx_word' id='word_1_229' title='bbox 1196 2935 1227 2945; x_wconf 92' lang='lat'>..</span> 
     </span>
     <span class='ocr_line' id='line_1_28' title="bbox 118 2957 1227 3026; baseline 0.002 -16"><span class='ocrx_word' id='word_1_230' title='bbox 118 2961 205 3021; x_wconf 74' lang='lat' dir='ltr'>asana,</span> <span class='ocrx_word' id='word_1_231' title='bbox 221 2958 269 3010; x_wconf 84' lang='lat' dir='ltr'>R¹.</span> <span class='ocrx_word' id='word_1_232' title='bbox 298 2998 324 3006; x_wconf 87' lang='lat'>-</span> <span class='ocrx_word' id='word_1_233' title='bbox 352 2964 433 3021; x_wconf 88' lang='lat' dir='ltr'>parte,</span> <span class='ocrx_word' id='word_1_234' title='bbox 453 2958 484 3007; x_wconf 88' lang='lat' dir='ltr'>R</span> <span class='ocrx_word' id='word_1_235' title='bbox 513 2996 544 3004; x_wconf 85' lang='lat'>..</span> <span class='ocrx_word' id='word_1_236' title='bbox 570 2957 690 3017; x_wconf 70' lang='lat' dir='ltr'>adnnente,</span> <span class='ocrx_word' id='word_1_237' title='bbox 711 2960 728 3006; x_wconf 92' lang='lat' dir='ltr'>d</span> <span class='ocrx_word' id='word_1_238' title='bbox 748 2957 878 3023; x_wconf 81' lang='lat' dir='ltr'>(Robert.)</span> <span class='ocrx_word' id='word_1_239' title='bbox 903 2962 965 3012; x_wconf 72' lang='lat' dir='ltr'>launa</span> <span class='ocrx_word' id='word_1_240' title='bbox 977 2963 1106 3026; x_wconf 59' lang='lat' dir='ltr'>manente,</span> <span class='ocrx_word' id='word_1_241' title='bbox 1126 2965 1179 3014; x_wconf 85' lang='lat' dir='ltr'>Ra.</span> <span class='ocrx_word' id='word_1_242' title='bbox 1196 3002 1227 3012; x_wconf 90' lang='lat'>..</span> 
     </span>
     <span class='ocr_line' id='line_1_29' title="bbox 117 3020 1228 3091; baseline 0.001 -13"><span class='ocrx_word' id='word_1_243' title='bbox 117 3027 205 3087; x_wconf 81' lang='lat' dir='ltr'>India,</span> <span class='ocrx_word' id='word_1_244' title='bbox 216 3030 241 3078; x_wconf 88' lang='lat' dir='ltr'>R</span> <span class='ocrx_word' id='word_1_245' title='bbox 253 3024 338 3089; x_wconf 87' lang='lat' dir='ltr'>(codd.</span> <span class='ocrx_word' id='word_1_246' title='bbox 356 3020 473 3085; x_wconf 86' lang='lat' dir='ltr'>Barbar.)</span> <span class='ocrx_word' id='word_1_247' title='bbox 491 3022 588 3084; x_wconf 77' lang='lat' dir='ltr'>Indiae,</span> <span class='ocrx_word' id='word_1_248' title='bbox 597 3025 634 3072; x_wconf 90' lang='lat' dir='ltr'>ad</span> <span class='ocrx_word' id='word_1_249' title='bbox 646 3020 776 3089; x_wconf 88' lang='lat' dir='ltr'>(Robert.)</span> <span class='ocrx_word' id='word_1_250' title='bbox 787 3022 838 3090; x_wconf 76' lang='grc' dir='ltr'>βγ.</span> <span class='ocrx_word' id='word_1_251' title='bbox 850 3029 910 3077; x_wconf 78' lang='lat' dir='ltr'>viu</span> <span class='ocrx_word' id='word_1_252' title='bbox 922 3031 954 3078; x_wconf 85' lang='lat' dir='ltr'>ad</span> <span class='ocrx_word' id='word_1_253' title='bbox 966 3035 1007 3088; x_wconf 81' lang='lat'>32,</span> <span class='ocrx_word' id='word_1_254' title='bbox 1021 3035 1060 3081; x_wconf 85' lang='lat'>17.</span> <span class='ocrx_word' id='word_1_255' title='bbox 1076 3068 1106 3079; x_wconf 78' lang='grc'><strong>-</strong></span> <span class='ocrx_word' id='word_1_256' title='bbox 1123 3030 1228 3091; x_wconf 47' lang='lat' dir='ltr'>&amp;aaa</span> 
     </span>
     <span class='ocr_line' id='line_1_30' title="bbox 117 3087 1226 3158; baseline -0.002 -12"><span class='ocrx_word' id='word_1_257' title='bbox 117 3092 318 3154; x_wconf 85' lang='lat' dir='ltr'>Rad(Robsrt‚</span> <span class='ocrx_word' id='word_1_258' title='bbox 338 3094 411 3142; x_wconf 86' lang='lat' dir='ltr'>codd.</span> <span class='ocrx_word' id='word_1_259' title='bbox 432 3087 557 3151; x_wconf 87' lang='lat' dir='ltr'>Barbari.)</span> <span class='ocrx_word' id='word_1_260' title='bbox 587 3088 679 3152; x_wconf 82' lang='lat' dir='ltr'>Oreum,</span> <span class='ocrx_word' id='word_1_261' title='bbox 699 3105 723 3140; x_wconf 81' lang='lat' dir='ltr'>o.</span> <span class='ocrx_word' id='word_1_262' title='bbox 750 3134 781 3142; x_wconf 83' lang='grc'><strong>-</strong></span> <span class='ocrx_word' id='word_1_263' title='bbox 808 3109 883 3155; x_wconf 84' lang='lat' dir='ltr'>mans,</span> <span class='ocrx_word' id='word_1_264' title='bbox 903 3098 935 3147; x_wconf 70' lang='lat' dir='ltr'>R.</span> <span class='ocrx_word' id='word_1_265' title='bbox 953 3136 985 3145; x_wconf 87' lang='lat'>..</span> <span class='ocrx_word' id='word_1_266' title='bbox 1003 3107 1123 3158; x_wconf 71' lang='lat' dir='ltr'>ammon,</span> <span class='ocrx_word' id='word_1_267' title='bbox 1143 3099 1226 3147; x_wconf 78' lang='lat' dir='ltr'>R²ad</span> 
     </span>
     <span class='ocr_line' id='line_1_31' title="bbox 117 3153 1227 3226; baseline 0.007 -21"><span class='ocrx_word' id='word_1_268' title='bbox 117 3165 207 3219; x_wconf 74' lang='lat' dir='ltr'>orbam,</span> <span class='ocrx_word' id='word_1_269' title='bbox 227 3160 276 3210; x_wconf 86' lang='lat' dir='ltr'>R¹.</span> <span class='ocrx_word' id='word_1_270' title='bbox 304 3199 334 3207; x_wconf 77' lang='grc'><em>,</em></span> <span class='ocrx_word' id='word_1_271' title='bbox 362 3159 403 3219; x_wconf 84' lang='lat' dir='ltr'>ad,</span> <span class='ocrx_word' id='word_1_272' title='bbox 424 3173 444 3206; x_wconf 80' lang='grc' dir='ltr'><em>σ</em></span> <span class='ocrx_word' id='word_1_273' title='bbox 461 3153 590 3218; x_wconf 80' lang='lat' dir='ltr'>(Robert.)</span> <span class='ocrx_word' id='word_1_274' title='bbox 618 3197 649 3206; x_wconf 87' lang='lat'>..</span> <span class='ocrx_word' id='word_1_275' title='bbox 677 3160 852 3223; x_wconf 79' lang='lat' dir='ltr'>septemtrione,</span> <span class='ocrx_word' id='word_1_276' title='bbox 873 3165 904 3212; x_wconf 90' lang='lat' dir='ltr'>R.</span> <span class='ocrx_word' id='word_1_277' title='bbox 927 3202 959 3211; x_wconf 92' lang='lat'>..</span> <span class='ocrx_word' id='word_1_278' title='bbox 978 3162 1114 3226; x_wconf 69' lang='lat' dir='ltr'>sociantur,</span> <span class='ocrx_word' id='word_1_279' title='bbox 1134 3166 1178 3217; x_wconf 77' lang='lat' dir='ltr'>B&#39;.</span> <span class='ocrx_word' id='word_1_280' title='bbox 1196 3203 1227 3213; x_wconf 92' lang='lat'>..</span> 
     </span>
     <span class='ocr_line' id='line_1_32' title="bbox 117 3219 822 3290; baseline 0 -14"><span class='ocrx_word' id='word_1_281' title='bbox 117 3235 256 3290; x_wconf 80' lang='lat' dir='ltr'>appareret,</span> <span class='ocrx_word' id='word_1_282' title='bbox 268 3224 316 3273; x_wconf 87' lang='lat' dir='ltr'>R¹.</span> <span class='ocrx_word' id='word_1_283' title='bbox 335 3265 365 3272; x_wconf 88' lang='lat'><em>-</em></span> <span class='ocrx_word' id='word_1_284' title='bbox 383 3225 492 3285; x_wconf 81' lang='lat' dir='ltr'>Patalis,</span> <span class='ocrx_word' id='word_1_285' title='bbox 503 3219 652 3276; x_wconf 77' lang='lat' dir='ltr'>R&#39;rttada</span> <span class='ocrx_word' id='word_1_286' title='bbox 669 3223 782 3288; x_wconf 76' lang='lat' dir='ltr'>Fatales,</span> <span class='ocrx_word' id='word_1_287' title='bbox 793 3223 822 3288; x_wconf 80' lang='grc' dir='ltr'>β.</span> 
     </span>
    </p>

    <p class='ocr_par' dir='ltr' id='par_1_7' title="bbox 114 3287 1326 3690">
     <span class='ocr_line' id='line_1_33' title="bbox 150 3287 1227 3363; baseline 0.011 -24"><span class='ocrx_word' id='word_1_288' title='bbox 150 3291 165 3350; x_wconf 68' lang='grc' dir='ltr'><strong>ξ</strong></span> <span class='ocrx_word' id='word_1_289' title='bbox 179 3295 235 3340; x_wconf 85' lang='lat'>185.</span> <span class='ocrx_word' id='word_1_290' title='bbox 250 3299 323 3354; x_wconf 82' lang='lat' dir='ltr'>parte</span> <span class='ocrx_word' id='word_1_291' title='bbox 336 3293 415 3349; x_wconf 68' lang='lat' dir='ltr'>noctis,</span> <span class='ocrx_word' id='word_1_292' title='bbox 427 3292 501 3339; x_wconf 88' lang='lat' dir='ltr'>Rad.</span> <span class='ocrx_word' id='word_1_293' title='bbox 519 3292 592 3341; x_wconf 79' lang='lat' dir='ltr'>noctis</span> <span class='ocrx_word' id='word_1_294' title='bbox 601 3301 681 3355; x_wconf 84' lang='lat' dir='ltr'>parte,</span> <span class='ocrx_word' id='word_1_295' title='bbox 698 3287 747 3356; x_wconf 76' lang='grc' dir='ltr'>βγ.</span> <span class='ocrx_word' id='word_1_296' title='bbox 760 3294 831 3344; x_wconf 86' lang='lat' dir='ltr'>Haec</span> <span class='ocrx_word' id='word_1_297' title='bbox 844 3296 976 3358; x_wconf 82' lang='lat' dir='ltr'>exscripsit</span> <span class='ocrx_word' id='word_1_298' title='bbox 990 3297 1111 3347; x_wconf 75' lang='lat' dir='ltr'>Martiam</span> <span class='ocrx_word' id='word_1_299' title='bbox 1128 3296 1227 3363; x_wconf 72' lang='lat' dir='ltr'>cape,</span> 
     </span>
     <span class='ocr_line' id='line_1_34' title="bbox 118 3355 1227 3429; baseline 0.007 -21"><span class='ocrx_word' id='word_1_300' title='bbox 118 3364 211 3409; x_wconf 79' lang='lat'>593.-</span> <span class='ocrx_word' id='word_1_301' title='bbox 220 3355 316 3416; x_wconf 86' lang='lat' dir='ltr'>Indice,</span> <span class='ocrx_word' id='word_1_302' title='bbox 328 3371 351 3403; x_wconf 85' lang='grc' dir='ltr'>σ.</span> <span class='ocrx_word' id='word_1_303' title='bbox 362 3396 393 3404; x_wconf 86' lang='grc'>..</span> <span class='ocrx_word' id='word_1_304' title='bbox 402 3365 462 3416; x_wconf 85' lang='lat' dir='ltr'>sant,</span> <span class='ocrx_word' id='word_1_305' title='bbox 473 3359 615 3407; x_wconf 80' lang='lat' dir='ltr'>Robert-</span> <span class='ocrx_word' id='word_1_306' title='bbox 624 3361 731 3422; x_wconf 78' lang='lat' dir='ltr'>conspici</span> <span class='ocrx_word' id='word_1_307' title='bbox 740 3375 778 3420; x_wconf 86' lang='lat' dir='ltr'>ea,</span> <span class='ocrx_word' id='word_1_308' title='bbox 790 3361 838 3410; x_wconf 85' lang='lat' dir='ltr'>R².</span> <span class='ocrx_word' id='word_1_309' title='bbox 848 3363 934 3427; x_wconf 84' lang='lat' dir='ltr'>conspi</span> <span class='ocrx_word' id='word_1_310' title='bbox 943 3381 968 3425; x_wconf 90' lang='lat' dir='ltr'>a,</span> <span class='ocrx_word' id='word_1_311' title='bbox 979 3363 1028 3413; x_wconf 88' lang='lat' dir='ltr'>R¹.</span> <span class='ocrx_word' id='word_1_312' title='bbox 1036 3364 1146 3429; x_wconf 77' lang='lat' dir='ltr'>conspici</span> <span class='ocrx_word' id='word_1_313' title='bbox 1156 3373 1180 3416; x_wconf 84' lang='lat' dir='ltr'>et</span> <span class='ocrx_word' id='word_1_314' title='bbox 1190 3380 1227 3426; x_wconf 77' lang='lat' dir='ltr'>es,</span> 
     </span>
     <span class='ocr_line' id='line_1_35' title="bbox 115 3419 1227 3497; baseline 0.008 -24"><span class='ocrx_word' id='word_1_315' title='bbox 115 3426 153 3474; x_wconf 86' lang='lat' dir='ltr'>ad</span> <span class='ocrx_word' id='word_1_316' title='bbox 165 3419 292 3485; x_wconf 88' lang='lat' dir='ltr'>(Robert.)</span> <span class='ocrx_word' id='word_1_317' title='bbox 304 3419 398 3484; x_wconf 62' lang='grc' dir='ltr'>βμ-</span> <span class='ocrx_word' id='word_1_318' title='bbox 416 3423 476 3481; x_wconf 85' lang='lat' dir='ltr'>scia,</span> <span class='ocrx_word' id='word_1_319' title='bbox 488 3422 528 3470; x_wconf 64' lang='lat'>(1¹.</span> <span class='ocrx_word' id='word_1_320' title='bbox 542 3424 732 3486; x_wconf 73' lang='lat' dir='ltr'>-Et‚&#39;l*a¹d.</span> <span class='ocrx_word' id='word_1_321' title='bbox 749 3428 842 3488; x_wconf 65' lang='lat' dir='ltr'>Ean.</span> <span class='ocrx_word' id='word_1_322' title='bbox 860 3427 1227 3497; x_wconf 70' lang='lat' dir='ltr'>Atin,e²(Robert)sty.-.</span> 
     </span>
     <span class='ocr_line' id='line_1_36' title="bbox 120 3485 1326 3562; baseline 0.009 -23"><span class='ocrx_word' id='word_1_323' title='bbox 120 3490 283 3556; x_wconf 63' lang='lat' dir='ltr'>Trogodytice,</span> <span class='ocrx_word' id='word_1_324' title='bbox 295 3490 367 3538; x_wconf 90' lang='lat' dir='ltr'>Rad.</span> <span class='ocrx_word' id='word_1_325' title='bbox 385 3485 506 3553; x_wconf 82' lang='lat' dir='ltr'>tropcdite,</span> <span class='ocrx_word' id='word_1_326' title='bbox 518 3490 622 3540; x_wconf 86' lang='lat' dir='ltr'>Robert.</span> <span class='ocrx_word' id='word_1_327' title='bbox 645 3491 823 3559; x_wconf 77' lang='lat' dir='ltr'>Troplodptice,</span> <span class='ocrx_word' id='word_1_328' title='bbox 834 3492 856 3556; x_wconf 83' lang='grc' dir='ltr'><em>β</em></span> <span class='ocrx_word' id='word_1_329' title='bbox 859 3511 884 3559; x_wconf 76' lang='lat' dir='ltr'>y.</span> <span class='ocrx_word' id='word_1_330' title='bbox 903 3537 935 3545; x_wconf 84' lang='grc'><strong>-</strong></span> <span class='ocrx_word' id='word_1_331' title='bbox 953 3501 1059 3559; x_wconf 82' lang='lat' dir='ltr'>ambros,</span> <span class='ocrx_word' id='word_1_332' title='bbox 1071 3499 1153 3548; x_wconf 85' lang='lat' dir='ltr'>R²ad</span> <span class='ocrx_word' id='word_1_333' title='bbox 1164 3496 1192 3562; x_wconf 79' lang='lat' dir='ltr'>(s</span> <span class='ocrx_word' id='word_1_334' title='bbox 1202 3500 1228 3549; x_wconf 89' lang='lat' dir='ltr'>in</span> <span class='ocrx_word' id='word_1_335' title='bbox 1312 3511 1326 3530; x_wconf 92' lang='grc'>·</span> 
     </span>
     <span class='ocr_line' id='line_1_37' title="bbox 114 3555 1227 3628; baseline 0.006 -20"><span class='ocrx_word' id='word_1_336' title='bbox 114 3556 221 3620; x_wconf 83' lang='lat' dir='ltr'>rasura.)</span> <span class='ocrx_word' id='word_1_337' title='bbox 248 3559 340 3616; x_wconf 85' lang='lat' dir='ltr'>nntbra,</span> <span class='ocrx_word' id='word_1_338' title='bbox 360 3555 409 3606; x_wconf 83' lang='lat' dir='ltr'>R¹.</span> <span class='ocrx_word' id='word_1_339' title='bbox 434 3596 465 3604; x_wconf 85' lang='lat'><em>-</em></span> <span class='ocrx_word' id='word_1_340' title='bbox 492 3558 603 3621; x_wconf 82' lang='lat' dir='ltr'>quinque,</span> <span class='ocrx_word' id='word_1_341' title='bbox 623 3561 688 3610; x_wconf 88' lang='lat' dir='ltr'>Rad</span> <span class='ocrx_word' id='word_1_342' title='bbox 708 3560 832 3623; x_wconf 77' lang='lat' dir='ltr'>(Robert.,</span> <span class='ocrx_word' id='word_1_343' title='bbox 852 3566 925 3613; x_wconf 88' lang='lat' dir='ltr'>codd.</span> <span class='ocrx_word' id='word_1_344' title='bbox 944 3561 1071 3626; x_wconf 88' lang='lat' dir='ltr'>Barbari.)</span> <span class='ocrx_word' id='word_1_345' title='bbox 1098 3565 1178 3628; x_wconf 79' lang='lat' dir='ltr'>11,a</span> <span class='ocrx_word' id='word_1_346' title='bbox 1196 3604 1227 3615; x_wconf 85' lang='lat'>-</span> 
     </span>
     <span class='ocr_line' id='line_1_38' title="bbox 114 3625 702 3690; baseline 0.003 -16"><span class='ocrx_word' id='word_1_347' title='bbox 114 3625 297 3684; x_wconf 80' lang='lat' dir='ltr'>Eratosthenes,</span> <span class='ocrx_word' id='word_1_348' title='bbox 310 3640 334 3688; x_wconf 88' lang='lat' dir='ltr'>p.</span> <span class='ocrx_word' id='word_1_349' title='bbox 349 3630 404 3674; x_wconf 86' lang='grc'><strong>108.</strong></span> <span class='ocrx_word' id='word_1_350' title='bbox 416 3625 509 3673; x_wconf 86' lang='lat' dir='ltr'>Bernh.</span> <span class='ocrx_word' id='word_1_351' title='bbox 529 3664 560 3674; x_wconf 82' lang='grc'>..</span> <span class='ocrx_word' id='word_1_352' title='bbox 576 3627 666 3690; x_wconf 84' lang='lat' dir='ltr'>prodit,</span> <span class='ocrx_word' id='word_1_353' title='bbox 678 3630 702 3676; x_wconf 91' lang='lat' dir='ltr'>d.</span> 
     </span>
    </p>

    <p class='ocr_par' dir='ltr' id='par_1_8' title="bbox 112 3689 1353 4164">
     <span class='ocr_line' id='line_1_39' title="bbox 148 3689 1353 3762; baseline 0.008 -18"><span class='ocrx_word' id='word_1_354' title='bbox 148 3692 163 3753; x_wconf 63' lang='grc' dir='ltr'><strong>ἓ</strong></span> <span class='ocrx_word' id='word_1_355' title='bbox 178 3700 232 3744; x_wconf 84' lang='grc'><strong>186.</strong></span> <span class='ocrx_word' id='word_1_356' title='bbox 251 3701 283 3753; x_wconf 85' lang='lat' dir='ltr'>at,</span> <span class='ocrx_word' id='word_1_357' title='bbox 296 3708 346 3741; x_wconf 91' lang='lat' dir='ltr'>om.</span> <span class='ocrx_word' id='word_1_358' title='bbox 358 3690 406 3741; x_wconf 90' lang='lat' dir='ltr'>R¹.</span> <span class='ocrx_word' id='word_1_359' title='bbox 420 3732 451 3740; x_wconf 86' lang='grc'>-</span> <span class='ocrx_word' id='word_1_360' title='bbox 470 3689 563 3755; x_wconf 84' lang='lat' dir='ltr'>Meroe,</span> <span class='ocrx_word' id='word_1_361' title='bbox 575 3710 597 3742; x_wconf 83' lang='lat' dir='ltr'>a.</span> <span class='ocrx_word' id='word_1_362' title='bbox 617 3691 729 3754; x_wconf 84' lang='lat' dir='ltr'>Meroen,</span> <span class='ocrx_word' id='word_1_363' title='bbox 739 3695 792 3744; x_wconf 90' lang='lat' dir='ltr'>Rd.</span> <span class='ocrx_word' id='word_1_364' title='bbox 810 3696 870 3746; x_wconf 90' lang='lat' dir='ltr'>Vid.</span> <span class='ocrx_word' id='word_1_365' title='bbox 882 3698 998 3748; x_wconf 84' lang='lat' dir='ltr'>Martiam</span> <span class='ocrx_word' id='word_1_366' title='bbox 1011 3698 1074 3762; x_wconf 84' lang='lat' dir='ltr'>Cap.</span> <span class='ocrx_word' id='word_1_367' title='bbox 1087 3706 1113 3762; x_wconf 82' lang='grc'>6,</span> <span class='ocrx_word' id='word_1_368' title='bbox 1126 3706 1183 3751; x_wconf 73' lang='grc'>695.</span> <span class='ocrx_word' id='word_1_369' title='bbox 1196 3741 1227 3751; x_wconf 85' lang='grc'>-</span> <span class='ocrx_word' id='word_1_370' title='bbox 1274 3723 1353 3743; x_wconf 57' lang='grc' dir='ltr'>α·-</span> 
     </span>
     <span class='ocr_line' id='line_1_40' title="bbox 114 3749 1348 3830; baseline 0.011 -24"><span class='ocrx_word' id='word_1_371' title='bbox 114 3758 196 3819; x_wconf 66' lang='lat' dir='ltr'>noras,</span> <span class='ocrx_word' id='word_1_372' title='bbox 218 3763 284 3810; x_wconf 62' lang='lat' dir='ltr'>aaa</span> <span class='ocrx_word' id='word_1_373' title='bbox 311 3760 399 3810; x_wconf 78' lang='lat' dir='ltr'>emta.</span> <span class='ocrx_word' id='word_1_374' title='bbox 416 3758 505 3809; x_wconf 75' lang='lat' dir='ltr'>rar.</span> <span class='ocrx_word' id='word_1_375' title='bbox 525 3801 556 3808; x_wconf 70' lang='grc'>,</span> <span class='ocrx_word' id='word_1_376' title='bbox 573 3760 662 3821; x_wconf 80' lang='lat' dir='ltr'>xrrr,</span> <span class='ocrx_word' id='word_1_377' title='bbox 682 3763 785 3811; x_wconf 73' lang='lat' dir='ltr'>nobes.</span> <span class='ocrx_word' id='word_1_378' title='bbox 813 3803 844 3812; x_wconf 81' lang='lat'><em>-</em></span> <span class='ocrx_word' id='word_1_379' title='bbox 861 3763 1013 3825; x_wconf 58' lang='lat' dir='ltr'>Banasa,</span> <span class='ocrx_word' id='word_1_380' title='bbox 1025 3768 1057 3817; x_wconf 83' lang='lat' dir='ltr'>n.</span> <span class='ocrx_word' id='word_1_381' title='bbox 1080 3806 1107 3815; x_wconf 90' lang='lat'>-</span> <span class='ocrx_word' id='word_1_382' title='bbox 1127 3766 1227 3830; x_wconf 77' lang='lat' dir='ltr'>xm,</span> <span class='ocrx_word' id='word_1_383' title='bbox 1270 3749 1348 3820; x_wconf 61' lang='grc' dir='ltr'>ἔ,</span> 
     </span>
     <span class='ocr_line' id='line_1_41' title="bbox 114 3825 1341 3896; baseline 0.002 -21"><span class='ocrx_word' id='word_1_384' title='bbox 114 3829 159 3876; x_wconf 85' lang='lat' dir='ltr'>ad.</span> <span class='ocrx_word' id='word_1_385' title='bbox 177 3827 242 3888; x_wconf 86' lang='lat' dir='ltr'>XV,</span> <span class='ocrx_word' id='word_1_386' title='bbox 254 3841 277 3875; x_wconf 85' lang='grc' dir='ltr'>σ.</span> <span class='ocrx_word' id='word_1_387' title='bbox 295 3827 421 3890; x_wconf 85' lang='lat' dir='ltr'>Hispania</span> <span class='ocrx_word' id='word_1_388' title='bbox 436 3825 598 3891; x_wconf 74' lang='lat' dir='ltr'>septendecim,</span> <span class='ocrx_word' id='word_1_389' title='bbox 615 3829 647 3875; x_wconf 92' lang='lat' dir='ltr'>R.</span> <span class='ocrx_word' id='word_1_390' title='bbox 670 3867 701 3874; x_wconf 85' lang='lat'>..</span> <span class='ocrx_word' id='word_1_391' title='bbox 724 3827 767 3889; x_wconf 82' lang='lat' dir='ltr'>ibi,</span> <span class='ocrx_word' id='word_1_392' title='bbox 783 3828 832 3879; x_wconf 89' lang='lat' dir='ltr'>R¹.</span> <span class='ocrx_word' id='word_1_393' title='bbox 851 3871 883 3880; x_wconf 89' lang='lat'>..</span> <span class='ocrx_word' id='word_1_394' title='bbox 900 3840 994 3894; x_wconf 85' lang='lat' dir='ltr'>noctes,·</span> <span class='ocrx_word' id='word_1_395' title='bbox 1004 3847 1073 3896; x_wconf 87' lang='lat' dir='ltr'>pons</span> <span class='ocrx_word' id='word_1_396' title='bbox 1086 3835 1113 3884; x_wconf 81' lang='lat' dir='ltr'>h.</span> <span class='ocrx_word' id='word_1_397' title='bbox 1124 3850 1148 3884; x_wconf 83' lang='lat' dir='ltr'>v.</span> <span class='ocrx_word' id='word_1_398' title='bbox 1160 3836 1227 3887; x_wconf 55' lang='lat' dir='ltr'>Pina</span> <span class='ocrx_word' id='word_1_399' title='bbox 1272 3834 1341 3877; x_wconf 62' lang='grc' dir='ltr'>,ἱ</span> 
     </span>
     <span class='ocr_line' id='line_1_42' title="bbox 113 3893 1340 3963; baseline 0.011 -24"><span class='ocrx_word' id='word_1_400' title='bbox 113 3895 188 3943; x_wconf 86' lang='lat' dir='ltr'>verba</span> <span class='ocrx_word' id='word_1_401' title='bbox 200 3904 299 3958; x_wconf 71' lang='lat' dir='ltr'>anqusto</span> <span class='ocrx_word' id='word_1_402' title='bbox 311 3893 370 3944; x_wconf 78' lang='lat' dir='ltr'>lucis</span> <span class='ocrx_word' id='word_1_403' title='bbox 383 3895 469 3943; x_wconf 84' lang='lat' dir='ltr'>ambita</span> <span class='ocrx_word' id='word_1_404' title='bbox 481 3893 585 3943; x_wconf 82' lang='lat' dir='ltr'>subiecto</span> <span class='ocrx_word' id='word_1_405' title='bbox 607 3901 689 3943; x_wconf 80' lang='lat' dir='ltr'>terrac</span> <span class='ocrx_word' id='word_1_406' title='bbox 710 3895 828 3946; x_wconf 81' lang='lat' dir='ltr'>collocat.</span> <span class='ocrx_word' id='word_1_407' title='bbox 848 3938 879 3946; x_wconf 87' lang='grc'><strong>-</strong></span> <span class='ocrx_word' id='word_1_408' title='bbox 898 3900 957 3959; x_wconf 80' lang='lat' dir='ltr'>aad,</span> <span class='ocrx_word' id='word_1_409' title='bbox 969 3913 992 3948; x_wconf 85' lang='grc' dir='ltr'>σ.</span> <span class='ocrx_word' id='word_1_410' title='bbox 1012 3940 1043 3949; x_wconf 84' lang='grc'>-</span> <span class='ocrx_word' id='word_1_411' title='bbox 1063 3899 1144 3963; x_wconf 80' lang='lat' dir='ltr'>dabis,</span> <span class='ocrx_word' id='word_1_412' title='bbox 1156 3905 1229 3953; x_wconf 74' lang='lat' dir='ltr'>ad²o</span> <span class='ocrx_word' id='word_1_413' title='bbox 1252 3897 1340 3932; x_wconf 66' lang='lat'><strong><em>⁴</em></strong></span> 
     </span>
     <span class='ocr_line' id='line_1_43' title="bbox 114 3955 1328 4033; baseline 0.01 -24"><span class='ocrx_word' id='word_1_414' title='bbox 114 3956 243 4021; x_wconf 87' lang='lat' dir='ltr'>(Robert.)</span> <span class='ocrx_word' id='word_1_415' title='bbox 262 3955 357 4023; x_wconf 69' lang='lat' dir='ltr'>ducisse,</span> <span class='ocrx_word' id='word_1_416' title='bbox 369 3963 400 4010; x_wconf 88' lang='lat' dir='ltr'>R.</span> <span class='ocrx_word' id='word_1_417' title='bbox 419 3958 501 4020; x_wconf 79' lang='lat' dir='ltr'>dubia,</span> <span class='ocrx_word' id='word_1_418' title='bbox 514 3960 607 4010; x_wconf 84' lang='lat' dir='ltr'>STd¹.</span> <span class='ocrx_word' id='word_1_419' title='bbox 626 4001 657 4009; x_wconf 75' lang='grc'>-</span> <span class='ocrx_word' id='word_1_420' title='bbox 672 3962 820 4025; x_wconf 79' lang='lat' dir='ltr'>promittant,</span> <span class='ocrx_word' id='word_1_421' title='bbox 832 3966 864 4014; x_wconf 91' lang='lat' dir='ltr'>R.</span> <span class='ocrx_word' id='word_1_422' title='bbox 877 3981 904 4013; x_wconf 82' lang='lat' dir='ltr'>re</span> <span class='ocrx_word' id='word_1_423' title='bbox 913 3967 1059 4029; x_wconf 81' lang='lat' dir='ltr'>promittant,</span> <span class='ocrx_word' id='word_1_424' title='bbox 1070 3967 1127 4018; x_wconf 83' lang='lat' dir='ltr'>Td.</span> <span class='ocrx_word' id='word_1_425' title='bbox 1143 3984 1227 4033; x_wconf 83' lang='lat' dir='ltr'>reprc-</span> <span class='ocrx_word' id='word_1_426' title='bbox 1282 3981 1328 3999; x_wconf 47' lang='grc' dir='ltr'><em>θ</em></span> 
     </span>
     <span class='ocr_line' id='line_1_44' title="bbox 113 4023 1225 4099; baseline 0.013 -28"><span class='ocrx_word' id='word_1_427' title='bbox 113 4023 213 4086; x_wconf 81' lang='lat' dir='ltr'>mittunt,</span> <span class='ocrx_word' id='word_1_428' title='bbox 234 4027 251 4076; x_wconf 91' lang='lat' dir='ltr'>S</span> <span class='ocrx_word' id='word_1_429' title='bbox 272 4025 400 4088; x_wconf 76' lang='lat' dir='ltr'>(Robert.)</span> <span class='ocrx_word' id='word_1_430' title='bbox 410 4023 461 4092; x_wconf 77' lang='grc' dir='ltr'>βγ.</span> <span class='ocrx_word' id='word_1_431' title='bbox 477 4038 594 4090; x_wconf 88' lang='lat' dir='ltr'>promant,</span> <span class='ocrx_word' id='word_1_432' title='bbox 611 4045 633 4078; x_wconf 84' lang='lat' dir='ltr'>a.</span> <span class='ocrx_word' id='word_1_433' title='bbox 653 4040 796 4093; x_wconf 79' lang='lat' dir='ltr'>reprcmnnt,</span> <span class='ocrx_word' id='word_1_434' title='bbox 807 4033 877 4095; x_wconf 89' lang='lat' dir='ltr'>Lips.</span> <span class='ocrx_word' id='word_1_435' title='bbox 894 4034 927 4082; x_wconf 86' lang='lat' dir='ltr'>ad</span> <span class='ocrx_word' id='word_1_436' title='bbox 939 4034 1020 4082; x_wconf 84' lang='lat' dir='ltr'>Tacit.</span> <span class='ocrx_word' id='word_1_437' title='bbox 1032 4035 1122 4099; x_wconf 71' lang='lat' dir='ltr'>Agris.</span> <span class='ocrx_word' id='word_1_438' title='bbox 1136 4041 1177 4087; x_wconf 75' lang='lat'>12.</span> <span class='ocrx_word' id='word_1_439' title='bbox 1194 4076 1225 4085; x_wconf 88' lang='grc'>..</span> 
     </span>
     <span class='ocr_line' id='line_1_45' title="bbox 112 4092 1225 4164; baseline 0.013 -26"><span class='ocrx_word' id='word_1_440' title='bbox 112 4092 171 4153; x_wconf 78' lang='lat' dir='ltr'>copi,</span> <span class='ocrx_word' id='word_1_441' title='bbox 183 4094 215 4141; x_wconf 87' lang='lat' dir='ltr'>R.</span> <span class='ocrx_word' id='word_1_442' title='bbox 229 4134 259 4142; x_wconf 82' lang='lat'><em>-</em></span> <span class='ocrx_word' id='word_1_443' title='bbox 278 4092 456 4154; x_wconf 81' lang='lat' dir='ltr'>solstitialibus,</span> <span class='ocrx_word' id='word_1_444' title='bbox 472 4097 575 4144; x_wconf 91' lang='lat' dir='ltr'>Robert.</span> <span class='ocrx_word' id='word_1_445' title='bbox 590 4136 620 4144; x_wconf 87' lang='lat'>..</span> <span class='ocrx_word' id='word_1_446' title='bbox 639 4096 822 4158; x_wconf 83' lang='lat' dir='ltr'>certiccmundt&#39;,</span> <span class='ocrx_word' id='word_1_447' title='bbox 833 4101 865 4149; x_wconf 87' lang='lat' dir='ltr'>R</span> <span class='ocrx_word' id='word_1_448' title='bbox 879 4139 910 4149; x_wconf 86' lang='lat'>..</span> <span class='ocrx_word' id='word_1_449' title='bbox 921 4099 1032 4150; x_wconf 81' lang='lat' dir='ltr'>subiecta</span> <span class='ocrx_word' id='word_1_450' title='bbox 1047 4111 1137 4164; x_wconf 82' lang='lat' dir='ltr'>terrac,</span> <span class='ocrx_word' id='word_1_451' title='bbox 1153 4105 1225 4155; x_wconf 77' lang='lat' dir='ltr'>Rau</span> 
     </span>
    </p>
   </div>
   <div class='ocr_carea' id='block_1_5' title="bbox 112 4157 1226 4228">
    <p class='ocr_par' dir='ltr' id='par_1_9' title="bbox 112 4157 1226 4228">
     <span class='ocr_line' id='line_1_46' title="bbox 112 4157 1226 4228; baseline 0.013 -23"><span class='ocrx_word' id='word_1_452' title='bbox 112 4157 217 4208; x_wconf 62' lang='lat' dir='ltr'>subacta</span> <span class='ocrx_word' id='word_1_453' title='bbox 229 4167 304 4218; x_wconf 81' lang='lat' dir='ltr'>terra,</span> <span class='ocrx_word' id='word_1_454' title='bbox 316 4163 388 4211; x_wconf 87' lang='lat' dir='ltr'>codd.</span> <span class='ocrx_word' id='word_1_455' title='bbox 400 4161 513 4222; x_wconf 86' lang='lat' dir='ltr'>Barbari,</span> <span class='ocrx_word' id='word_1_456' title='bbox 524 4177 600 4223; x_wconf 90' lang='lat' dir='ltr'>qnam</span> <span class='ocrx_word' id='word_1_457' title='bbox 616 4165 765 4228; x_wconf 88' lang='lat' dir='ltr'>scripturam</span> <span class='ocrx_word' id='word_1_458' title='bbox 779 4167 936 4217; x_wconf 87' lang='lat' dir='ltr'>retinendam</span> <span class='ocrx_word' id='word_1_459' title='bbox 951 4174 996 4217; x_wconf 87' lang='lat' dir='ltr'>aut</span> <span class='ocrx_word' id='word_1_460' title='bbox 1009 4168 1134 4221; x_wconf 77' lang='lat' dir='ltr'>subiectas</span> <span class='ocrx_word' id='word_1_461' title='bbox 1145 4179 1226 4221; x_wconf 82' lang='lat' dir='ltr'>terras</span> 
     </span>
    </p>
   </div>
   <div class='ocr_carea' id='block_1_6' title="bbox 0 0 1362 4710">
    <p class='ocr_par' dir='ltr' id='par_1_10' title="bbox 0 0 1362 4710">
     <span class='ocr_line' id='line_1_47' title="bbox 0 0 1362 4710; baseline 0 0"><span class='ocrx_word' id='word_1_462' title='bbox 0 0 1362 4710; x_wconf 95' lang='lat' dir='ltr'> </span> 
     </span>
    </p>
   </div>
  </div>
 </body>
</html>
