2714 4710
301 329 371 374 nm.
388 329 424 374 11.
454 327 532 374 cnr.
548 328 810 374 xxxvm-xm.
843 326 940 373 sacr.
955 328 1047 372 eamr.
1170 311 1228 372 141

155 478 232 544 XL.
270 480 322 544 40.
346 477 429 542 Nam
444 478 605 543 caniculae
620 488 734 543 exortu
754 477 885 543 accendi
905 478 981 543 solis
1003 500 1138 562 vapores
1159 478 1231 562 quis
1246 494 1294 541 107

112 582 251 668 ignorat,
276 579 368 644 cuius
391 578 505 643 sideris
524 579 660 643 effectus
675 578 864 663 amplissimi
879 578 913 641 in
928 591 1013 643 terra
1028 578 1232 642 sentiuntur?

92 681 256 772 *Fervent
270 679 371 743 maria
393 679 556 745 exoriente
579 701 627 757 eo,
650 678 806 744 fluctuant
826 679 860 743 in
882 679 970 743 cellis
992 679 1076 757 vina,
1099 701 1232 742 moven-

111 794 167 846 tur
189 792 314 870 stagna.
338 778 484 867 Orygem
506 780 647 866 appellat
668 779 842 866 Aegyptus
865 780 975 856 feram,
999 801 1097 862 quam
1117 779 1151 842 in
1174 801 1232 843 ex-

110 894 185 948 ortu
215 882 286 947 eius
314 889 426 944 contra
453 892 539 944 stare
567 892 600 945 et
627 880 770 945 contueri
798 880 896 945 tradit
918 902 955 944 ac
976 880 1065 945 velut
1087 879 1230 957 adorare,

111 1007 186 1048 cum
213 979 395 1047 stemuerit.
433 977 540 1046 Canes
568 980 700 1064 quidem
729 991 795 1046 toto
822 1002 860 1045 eo
890 980 995 1066 spatio
1022 1003 1171 1045 maxume
1197 980 1232 1044 in

109 1083 235 1148 rabiem
256 1081 311 1169 agi
332 1103 396 1144 non
418 1091 468 1145 est
489 1079 632 1146 dubium.

153 1181 249 1246 XLI.
285 1183 339 1246 41.
362 1180 451 1261 Quin
472 1180 506 1244 in
527 1181 674 1266 partibus
696 1203 824 1266 quoque
847 1182 1010 1270 signomm
1031 1182 1232 1265 quorundam
1248 1201 1296 1245 ros

111 1306 172 1348 sua
185 1282 234 1347 vis
249 1282 344 1359 inest,
366 1291 404 1344 ut
425 1278 600 1345 autumnali
622 1283 821 1365 aequinoctio
842 1282 1039 1366 brumaque,
1063 1305 1136 1347 cum
1152 1293 1232 1347 tem·

110 1383 292 1470 pestatibus
320 1382 432 1448 confici
460 1381 548 1446 sidus
576 1382 808 1470 intellegimus,
841 1406 900 1448 nec
926 1383 1082 1448 imbribus
1109 1395 1233 1448 tanturn

112 1482 422 1569 tempestatibusque
445 1478 504 1547 sed
524 1482 633 1547 multis
649 1495 681 1547 et
703 1506 870 1568 corporum
886 1494 918 1549 et
931 1484 1015 1549 ruris
1031 1486 1232 1571 experimen-

111 1583 164 1648 tis.
194 1583 367 1647 Adflantur
381 1583 434 1648 alii
451 1583 572 1661 sidere,
595 1583 648 1648 alii
672 1595 900 1649 conmoventur
921 1584 1014 1648 statis
1037 1585 1233 1671 temporibus

111 1678 203 1762 aluo,
225 1685 350 1762 nervis,
375 1683 495 1769 capite,
518 1693 643 1762 mente3
666 1684 736 1748 olea
759 1692 792 1748 et
813 1684 951 1769 populus
972 1683 1044 1747 alba
1067 1695 1099 1748 et
1121 1686 1235 1749 salices

112 1783 252 1850 solstitio
273 1785 355 1851 solia
372 1786 603 1872 circumagunt.
638 1782 749 1848 Floret
770 1784 841 1869 ipso
855 1775 990 1848 brumali
1013 1783 1065 1847 die
1088 1785 1234 1869 suspensi

111 1885 147 1949 in
161 1885 254 1950 tectis
269 1887 387 1950 arentis
401 1886 501 1950 herba
515 1884 601 1971 pulei
609 1933 618 1962 ‚
631 1883 834 1970 'rumpuntur
848 1883 989 1948 intentae
1005 1884 1117 1969 spiritu
1131 1909 1232 1950 mern-

111 1985 242 2052 branae.
270 1985 410 2051 Miretur
422 1986 485 2051 hoc
507 1986 562 2069 qui
581 2008 646 2049 non
657 1985 815 2051 'observet
833 1984 992 2049 cotidiano
1015 1986 1232 2070 experimento
1247 2003 1296 2046 roa

111 2088 246 2153 herbam
274 2111 371 2151 unam
400 2109 482 2170 quae
511 2096 644 2152 vocatur
675 2085 898 2171 heliotropium
931 2086 1102 2152 abeuntem
1134 2089 1232 2153 solem
1285 2088 1288 2093 ’

111 2188 230 2253 intueri
257 2208 384 2273 semper
412 2186 622 2271 omnibusque
651 2186 737 2251 horis
766 2210 840 2252 cum
865 2185 907 2252 'co
934 2188 1016 2252 verti
1044 2188 1095 2252 vel
1123 2188 1232 2253 nubilo

111 2289 341 2368 obumbrante,
363 2288 429 2353 iam
450 2288 581 2372 quidem
601 2288 705 2352 lunari
725 2299 884 2373 potestate
899 2299 1077 2352 ostrearum
1092 2289 1231 2372 conchy-

110 2391 292 2473 liorumque
320 2399 352 2455 et
378 2389 569 2454 concharum
596 2388 736 2452 omnium
762 2410 895 2472 corpora
921 2388 1032 2473 augeri
1059 2411 1096 2453 ac
1121 2411 1232 2453 mrsus

112 2491 224 2556 minui.
259 2488 348 2571 Quin
375 2500 408 2555 et
435 2489 573 2554 soricum
597 2487 693 2552 fibras
715 2487 908 2573 respondere
929 2487 964 2551 in
985 2511 1116 2556 numero
1136 2491 1230 2556 lunae

112 2591 319 2676 exquisivere
334 2590 563 2678 diligentiores,
586 2588 825 2673 minumumque
847 2589 962 2655 animal
976 2591 1141 2657 formicam
1157 2615 1230 2657 sen·

113 2693 175 2758 tire
196 2693 274 2758 viris
296 2691 410 2757 sideris
431 2689 601 2758 interlunio
629 2712 755 2775 semper
784 2701 973 2757 cessantem.
1007 2689 1083 2774 Quo
1109 2694 1231 2780 turpior
1245 2705 1318 2783 110x

147 2929 233 2992 5107.
250 2929 355 2992 calores,
372 2932 405 2980 K.
424 2931 520 2996 vapori,
539 2945 563 2981 a.
582 2973 613 2981 -
636 2934 735 2998 ignoret,
752 2933 854 2982 Robert.
874 2973 905 2980 ..
923 2932 999 2993 viria,
1014 2935 1043 2983 P.
1067 2974 1098 2982 -
1125 2933 1230 2999 origem,

112 3000 146 3049 R.
163 2999 291 3063 origenem,
303 3000 333 3048 P.
353 3040 383 3046 -
402 3006 500 3060 terram,
512 2997 551 3048 α’.
566 3039 597 3046 -
615 2999 649 3060 in,
662 3015 711 3048 om.
723 3001 753 3048 P.
768 3039 799 3046 -
817 3007 941 3058 constare,
953 3000 982 3048 P.
996 3039 1027 3047 -
1045 2997 1179 3060 vertiam.
1198 3041 1229 3048 -

112 3066 227 3128 adorari,
239 3065 288 3116 3¹.
307 3106 339 3114 -
366 3063 506 3126 Canem,P.
525 3105 557 3114 ..
580 3080 614 3126 eo,
631 3081 681 3114 om.
693 3067 723 3115 P.
747 3106 779 3113 ..
806 3063 920 3124 marine,
935 3080 985 3113 om.
1004 3064 1044 3115 d¹.
1068 3105 1099 3114 ..
1123 3068 1172 3132 api,
1187 3069 1231 3116 Pa

112 3130 245 3196 (Robert.)
264 3134 326 3196 agit,
337 3134 390 3182 Rd.
410 3173 442 3181 ..
460 3132 523 3181 nulli
533 3131 632 3181 dubium
645 3141 689 3192 est,
701 3133 748 3181 Pr.
766 3130 828 3181 nulli
840 3129 946 3191 dubiam,
957 3133 1061 3182 Robert.

147 3199 163 3260 ἓ
180 3206 236 3251 108.
258 3198 325 3256 Quin
337 3201 369 3260 in,
381 3201 486 3249 Robert.
508 3197 559 3255 Qui
570 3199 604 3259 in,
615 3200 667 3248 Ra
689 3197 749 3248 Gan
760 3200 793 3258 in,
804 3199 834 3247 P.
856 3195 930 3258 Quin,
942 3194 1012 3263 dssy.
1032 3241 1063 3248 -
1081 3201 1229 3263 autumnali,

80 3324 88 3334 .
111 3268 186 3318 Pad.
205 3264 435 3328 aerumnosam.
456 3307 487 3314 ..
510 3269 648 3329 brumaque,
660 3282 682 3314 a.
707 3266 998 3328 brumaeque‚RTPdr.
1017 3308 1048 3317 ..
1071 3265 1230 3332 hecbymbri.

113 3335 168 3396 baa,
181 3348 205 3383 σ.
224 3375 256 3382 -
274 3335 364 3395 ruscis,
376 3333 445 3383 Ral.
465 3375 495 3381 -
513 3332 596 3394 static
609 3349 631 3382 a.
649 3334 745 3393 estatio,
757 3333 810 3381 Td.
829 3335 943 3392 aestatis,
955 3335 986 3383 R.
1006 3335 1117 3396 statutis,
1129 3337 1152 3385 P
1162 3334 1229 3398 (Ro-

111 3393 1144 3529 uta-nar..alamannoattenua>
1158 3404 1230 3521 stt

112 3504 451 3614 saeuamarrareqaone’a
464 3504 690 3651 ipsoram'qnprq,
699 3536 731 3584 a.
743 3536 803 3614 ru.
813 3486 931 3596 'rosini'
940 3536 1020 3616 erar.
1029 3508 1142 3588 manat?
1151 3545 1174 3599 a,
1189 3509 1227 3588 14]

112 3602 623 3732 libiAifflfrl‘ii'a²ln3ltal
639 3603 1228 3734 .t..5.ttt”tt¹.¹{⁰³{⁸ttt.³ttl⁶l{tlt}

113 3738 189 3866 rr·
208 3733 469 3853 uatum
490 3735 630 3853 nura
649 3734 1108 3868 aratur

147 3818 242 3931 §rio—9:
262 3840 371 3932 observa}
387 3821 440 3920 Rld.
465 3840 585 3931 observat:
599 3840 642 3920 Pa
659 3840 792 3931 (Robe’rt.l
813 3911 844 3917 -
866 3840 991 3932 codidiano,
1008 3821 1032 3921 Il
1048 3871 1177 3935 (Robora)
1196 3915 1227 3922 -

114 3939 202 3998 erbam,
214 3938 247 3986 R.
261 3977 292 3985 ..
310 3935 488 4000 heliotropenm,
499 3937 524 3986 R
535 3940 549 3985 ¹.
563 3977 594 3985 -
612 3936 678 3986 loris
689 3936 714 3983 in
727 3951 760 3995 eo,
770 3937 800 3984 P.
814 3975 845 3984 -
863 3937 1007 3999 obumbrari,
1018 3941 1040 3989 P
1052 3937 1182 4002 (Robert.)
1196 3983 1226 3990 -

115 4003 172 4065 iam,
188 4005 241 4055 Pd.
268 4021 331 4064 nam,
347 4007 392 4054 Ra
409 4001 540 4067 (Robert.)
559 4043 590 4051 -
609 4000 711 4066 quidem,
727 4003 759 4051 R.
787 4000 896 4064 quidam,
912 4004 975 4054 Pad
992 4002 1121 4069 (Robert.)
1147 4010 1228 4059 Amat

115 4071 181 4121 Plin.
193 4073 221 4120 in
232 4073 421 4122 enumeratione
430 4073 679 4148 diversarum'remm
690 4071 772 4167 dicere
780 4068 829 4118 ianr
838 4067 947 4186 augien,-
958 4073 1007 4123 vid.
1019 4080 1057 4134 10,
1068 4079 1108 4125 97.
1120 4082 1158 4138 ll,
1170 4083 1226 4126 125.

118 4143 347 4269 tutentur
360 4145 507 4267 {tutta
524 4136 897 4269 {tlttrssantaz
917 4156 1101 4268 auru
1115 4144 1226 4259 Pae

118 4272 254 4334 parissimi,
266 4274 295 4322 P.
315 4313 346 4321 -
356 4273 474 4336 formica,
486 4274 516 4322 P.
536 4314 566 4320 -
585 4287 682 4338 seraper,
695 4287 745 4320 om.
758 4273 799 4321 d¹.
818 4314 849 4320 -
867 4282 978 4335 cessante,
990 4276 1019 4325 P.
