2714 4710
427 279 498 326 mn.
514 279 562 326 vr.
591 277 669 324 oar.
686 278 774 325 xvrr.
804 277 903 325 sucu.
918 281 949 322 n.
1184 263 1248 328 423

119 427 271 492 adiacens
301 449 413 493 verum
441 437 474 492 et
501 425 678 492 meridiano
706 427 796 510 quod
823 426 971 493 Indicum
1004 429 1246 513 appellavimus,

119 549 268 612 quaeque
294 550 370 614 pars
397 527 512 592 orienti
537 527 674 592 adversa
694 537 782 593 recto
803 527 1028 613 praetenditur
1049 530 1163 614 spatio.
1191 530 1248 595 Ad

119 627 242 693 flexum
263 638 296 693 et
316 627 408 692 initia
429 626 533 692 Indici
553 627 651 691 maris
675 632 754 687 ivm.
773 646 852 687 cxxv
869 647 891 688 u
912 650 946 713 p.
972 628 1103 714 colligit,
1127 630 1244 698 deinde

117 751 184 813 qua
204 728 346 794 flectitur
372 728 406 792 in
432 727 610 805 meridiem,
639 730 728 787 xx'ffu·
746 747 825 789 naxv
840 747 862 787 u
884 751 928 812 p.‚
958 738 996 791 ut
1016 727 1247 797 Eratosthenes

118 829 233 907 tradit,
261 851 366 912 usque
391 829 433 893 ad
458 828 577 892 Indum
603 849 731 892 amnem
757 828 812 911 qui
840 837 890 891 est
917 827 957 892 ab
984 829 1152 895 occidente
1173 830 1247 897 finis

117 929 241 994 Indiae.
265 927 446 1015 Conplures
463 939 572 993 autem
594 937 694 993 totam
713 927 783 992 eius
801 927 1036 1013 longitudinem
1057 952 1101 993 xn
1123 930 1248 997 dierum
1261 949 1292 996 51

116 1031 324 1115 noctiumque
339 1030 464 1096 velifico
480 1029 611 1094 navium
631 1049 729 1094 cursu
749 1028 1002 1094 determinavere
1025 1041 1058 1096 et
1077 1054 1096 1095 a
1116 1042 1246 1116 septen-

118 1132 222 1198 trione
244 1133 287 1197 ad
307 1132 473 1198 meridiem
494 1135 592 1191 mvn.
605 1151 624 1190 n
641 1149 664 1189 u
684 1154 717 1216 p.
746 1130 897 1216 Agrippa
913 1129 1122 1216 longitudinis
1144 1138 1245 1213 in'ffi,

116 1232 298 1298 latitudinis
319 1237 390 1293 ῆι
411 1233 562 1319 prodidit.
585 1231 779 1296 Posidonius
801 1230 842 1295 ab
864 1230 987 1295 aestivo
1010 1231 1084 1296 solis
1106 1243 1179 1298 ortu
1200 1235 1246 1299 ad

115 1333 287 1399 hibernum
296 1346 443 1399 exortum
454 1343 593 1399 metatus
611 1342 661 1397 est
673 1353 754 1408 eam,
766 1330 935 1395 adversam
947 1327 1072 1396 Galliae
1088 1343 1243 1412 statuens,

116 1457 215 1519 quam
231 1436 272 1501 ab
288 1435 455 1501 occidente
470 1434 593 1499 aestivo
610 1432 652 1496 ad
666 1431 869 1497 occidentem
881 1431 1052 1496 hibernum
1063 1433 1245 1498 metabatur

117 1546 219 1602 totam
243 1560 264 1601 a
284 1536 423 1602 favonio.
459 1534 575 1618 Itaque
596 1534 765 1597 adversam
787 1530 856 1596 eius
878 1532 967 1597 venti
989 1531 1113 1598 adflatu
1141 1534 1244 1601 iuvari
1260 1556 1291 1600 te

115 1635 244 1702 Indiam
270 1637 496 1721 salubremque
524 1633 594 1699 fieri
622 1632 710 1697 haud
738 1631 838 1696 dubia
862 1631 986 1698 ratione
1014 1632 1132 1699 docuit.
1168 1635 1245 1700 Alia
1336 1666 1348 1685 ι

115 1737 203 1803 illius
225 1738 305 1804 caeli
325 1737 436 1814 facies,
459 1736 513 1801 alii
532 1735 675 1800 siderum
694 1742 794 1811 ortus,
817 1732 912 1799 binae
931 1743 1069 1798 aestates
1091 1734 1126 1799 in
1147 1758 1241 1816 anno,

116 1839 212 1905 binae
233 1862 365 1918 messes,
387 1838 493 1904 media
512 1838 597 1902 inter
615 1836 686 1903 illas
704 1833 810 1900 hieme
826 1834 998 1900 etesiarum
1011 1835 1108 1913 flatu3
1130 1848 1240 1903 nostra

116 1961 194 2006 vero
208 1941 321 2006 bruma
333 1942 424 2006 lenes
437 1940 483 2007 ibi
497 1961 604 2016 aurae,
619 1959 708 2002 mare
721 1935 915 2022 navigabile.
936 1933 1063 2003 Gentes
1078 1937 1108 2002 ei
1122 1939 1237 2006 urbes-

116 2063 181 2125 que
201 2043 403 2121 innumerae,
433 2044 461 2108 si
487 2041 559 2126 quis
581 2040 683 2107 omnis
705 2038 856 2123 persequi
877 2038 964 2123 velit.
993 2038 1239 2128 Etenimpate·

118 2142 204 2207 facta
232 2153 282 2208 est
307 2165 371 2208 non
397 2142 492 2208 modo
516 2138 696 2207 Alexandri
721 2138 831 2226 magni
858 2138 954 2203 armis
980 2161 1159 2228 regumque
1186 2143 1242 2228 qui

116 2264 319 2322 successere,
348 2243 571 2310 circumvectis
599 2240 696 2307 etiam
721 2239 756 2304 in
779 2238 983 2323 Hyrcanium
1009 2264 1098 2307 mare
1120 2253 1152 2308 et
1175 2242 1241 2310 (le-

115 2415 169 2465 Td.
182 2458 214 2465 -
231 2415 336 2482 Caepiri,
348 2414 454 2478 Benfey.
466 2415 493 2462 in
504 2421 575 2462 nunt.
587 2412 663 2460 litter.
674 2409 790 2471 Gotting.
805 2415 878 2459 1841.
891 2426 928 2459 nr.
944 2415 999 2462 112.
1012 2426 1037 2475 p.
1050 2417 1123 2464 lllo.
1136 2429 1170 2464 ox
1178 2415 1241 2466 Pto.

115 2483 175 2532 lem.
193 2498 281 2546 geogr.
297 2484 358 2534 VII.
379 2489 400 2543 l,
419 2485 569 2532 4147...
588 2480 716 2537 introrsus,
734 2491 785 2526 om.
803 2477 833 2526 P.
852 2517 883 2526 -
902 2477 979 2538 Huic,
996 2479 1049 2528 Rc.
1072 2480 1147 2543 Hine,
1159 2483 1189 2532 P.
1208 2523 1241 2533 -

114 2559 146 2611 et,
159 2551 240 2599 omitt.
253 2552 306 2601 Τᾶ.
320 2591 351 2600 ..
371 2548 484 2610 Ciconas,
496 2549 551 2598 Τὰ.
573 2545 663 2607 Canas,
674 2546 707 2596 R.
727 2541 857 2603 etiams,
868 2545 898 2594 P.
916 2584 948 2593 -
968 2554 997 2607 et,
1011 2561 1061 2596 om.
1073 2549 1103 2598 P.
1121 2589 1154 2598 ,,
1171 2549 1240 2618 Ery.

114 2633 193 2677 saros,
205 2619 235 2668 Τ.
253 2616 388 2679 Brisaros,
400 2618 454 2668 Rd.
472 2615 621 2674 Brisarroe,
632 2613 662 2662 P.
680 2609 818 2676 Brysanos,
829 2605 881 2674 βγ.

147 2703 162 2765 §
176 2705 216 2750 56.
235 2698 300 2750 unde
309 2701 383 2764 plane
394 2707 502 2750 constent
510 2706 599 2763 yentes,
608 2695 758 2747 RSTPdr.
775 2691 833 2741 inde
845 2689 885 2753 (ut
891 2695 968 2759 plane
978 2697 1129 2749 consentiant
1139 2699 1240 2764 omnes),

111 2764 141 2830 β.
160 2809 192 2817 ..
211 2767 367 2825 Hemodis.
386 2807 418 2817 ..
434 2764 698 2827 anflerdeeodd.
716 2755 869 2822 ealthss.
887 2801 920 2811 -
938 2771 969 2824 et,
981 2765 1013 2814 R.
1036 2774 1095 2827 eta,
1108 2766 1188 2817 TPd.
1207 2807 1240 2818 ...

112 2833 297 2900 appellavimus,
314 2833 373 2883 ΒΡ.
400 2833 561 2897 appellamus,
577 2833 601 2880 d.
626 2829 688 2880 vid.
705 2830 720 2892 §
737 2834 778 2878 33.
796 2868 828 2877 ...
847 2843 968 2893 quaeque,
984 2831 1017 2880 R.
1045 2847 1118 2894 quae,
1135 2834 1186 2883 Pd.
1206 2876 1239 2885 ..

111 2901 211 2960 orienti,
223 2901 246 2948 d.
265 2900 372 2959 orientes,
383 2900 442 2950 BP.
461 2939 492 2947 ..
511 2906 581 2956 recto,
594 2910 646 2945 om.
662 2898 687 2944 d.
705 2934 738 2942 -
785 2894 910 2955 otenditur,
922 2897 952 2945 P.
971 2936 1003 2946 ..
1023 2896 1067 2959 ad,
1079 2900 1238 2963 RTPKdr.

112 2978 145 3031 et,
157 2963 186 3029 β.
206 3008 237 3016 ,.
257 2966 335 3026 initia,
346 2967 392 3015 3².
412 2959 675 3024 tntti0,1t¹TPc(ex
687 2911 884 3036 confinitium,
895 2956 946 3025 ssy.
964 3001 996 3012 ..
1013 2963 1130 3025 XVIII,
1143 2981 1194 3016 om,
1206 2968 1238 3019 Ρ,

113 3077 146 3086 ..
164 3032 223 3084 colli
242 3033 296 3083 't-
306 3030 425 3091 LXXV,
434 3032 472 3081 3²
481 3028 538 3092 (ubi
546 3037 632 3080 tamen
644 3027 701 3077 dein
713 3026 819 3090 sefleant
830 3025 980 3090 adlegitur)
990 3031 1013 3079 d.
1026 3030 1115 3083 Omitt.
1125 3032 1238 3085 1311’.-

111 3099 208 3154 XXII
225 3137 231 3161 ,
244 3101 323 3151 Hard.
337 3141 368 3150 -
381 3096 564 3157 Eratosthenes,
575 3096 603 3146 in
613 3097 666 3146 hoo
676 3096 735 3144 loeo
748 3095 856 3146 omissus
868 3109 885 3144 a
894 3096 1071 3161 Bernhardyo.
1087 3138 1119 3148 ..
1136 3115 1238 3164 amnem,

111 3163 246 3221 RttTPc.
266 3167 323 3218 Om.
335 3162 366 3228 β.
384 3206 417 3216 -
436 3181 489 3230 que,
501 3167 533 3217 R.

146 3255 214 3317 557.
242 3250 303 3314 eius,
319 3253 372 3303 Rd.
398 3243 574 3314 ipsius,Pssr.
592 3288 624 3298 ..
642 3245 790 3309 XXVIII,
806 3239 885 3296 θΤᾱ.
912 3241 1059 3311 ΧΧλΙῙΙΙ,
1075 3249 1108 3300 R.
1135 3250 1194 3302 0111.
1206 3253 1237 3304 Ρ.

110 3318 243 3381 XXVII,
260 3314 289 3380 β.
307 3359 339 3369 ..
359 3315 489 3377 latitudini,
505 3318 538 3366 R.
557 3356 589 3366 ..
607 3313 727 3375 XXIII,
743 3315 775 3365 R.
802 3312 891 3375 XIII,
905 3309 933 3365 θ.
961 3315 1098 3378 tresdecim,
1107 3317 1146 3368 P.
1166 3319 1237 3382 XII,

110 3388 166 3438 Td.
179 3428 211 3436 -
224 3394 326 3447 meatus,
337 3387 367 3436 P.
378 3426 409 3435 -
430 3381 539 3445 Galliae,
550 3383 581 3433 P.
603 3381 720 3443 Galliam,
732 3382 812 3432 RTd.
830 3381 973 3447 Exscripsit
984 3384 1050 3433 haee
1061 3384 1143 3436 Solin.
1158 3392 1198 3447 ⁵2,
1211 3395 1236 3438 2.

110 3496 144 3505 ..
163 3457 202 3515 ab,
215 3454 239 3503 tl.
262 3453 351 3504 Omitt.
362 3453 449 3505 RTP.
468 3491 500 3501 -
519 3459 600 3502 totam.
611 3449 637 3500 A
643 3448 752 3514 favonio
764 3449 858 3514 itaque,
869 3450 900 3502 T.
921 3457 1006 3502 totam.
1023 3450 1137 3504 Fauonio
1149 3452 1237 3518 itaque

110 3522 243 3584 obversam,
255 3521 363 3572 Salmas.
375 3534 457 3570 exerc.
469 3535 495 3584 p.
508 3523 565 3570 697.
578 3534 601 3568 a.
612 3519 644 3569 B.
725 3569 728 3574 ,

145 3606 160 3670 ξ
174 3611 213 3655 58.
232 3601 370 3667 adversam,
383 3606 455 3654 codd.
466 3603 546 3654 Hard.
563 3602 700 3661 adversm,
712 3599 792 3651 TPd.
810 3600 922 3663 aduerso,
933 3601 958 3651 B
969 3597 996 3663 (o
1008 3615 1041 3652 ex
1053 3600 1131 3666 corr.)
1152 3605 1235 3654 obuer-

109 3689 171 3734 sam,
182 3666 212 3733 β.
231 3687 351 3733 aversam,
362 3672 442 3723 Hard.
454 3671 586 3722 aduersum
602 3667 653 3720 eius
664 3665 731 3717 uenti
741 3665 855 3728 qfflatum
866 3669 950 3719 iuvare
962 3667 1019 3718 Ind.
1031 3669 1153 3720 salubrem
1164 3669 1236 3722 laud

110 3737 189 3790 dubia
200 3737 293 3789 ratione
306 3737 396 3801 docuit,
407 3756 428 3790 r.
439 3739 555 3802 ..seria
565 3738 611 3788 12¹.
624 3777 654 3786 -
673 3735 719 3795 itti,
730 3736 784 3785 Td.
797 3777 829 3786 -
848 3744 952 3786 aestates
961 3777 993 3786 ..
1003 3752 1101 3799 messes,
1109 3738 1233 3790 RTPue

110 3815 214 3857 aetates
223 3847 254 3856 ,.
265 3804 362 3868 times,
375 3809 412 3856 d¹.
430 3821 519 3856 messes
528 3846 560 3856 ..
571 3813 687 3865 aestates,
698 3798 728 3866 β.
741 3844 773 3854 ..
783 3803 868 3854 mama
880 3800 1093 3865 teneritatem.
1111 3805 1234 3857 brumales

108 3889 140 3924 ne
154 3871 257 3935 sibilent,
268 3874 298 3926 P.
326 3874 438 3925 brumali.
454 3873 535 3924 Lenes
553 3871 595 3935 ibi,
611 3867 641 3934 β.
659 3913 691 3921 -
711 3887 793 3932 aures,
809 3870 854 3920 ut
882 3887 954 3930 aura,
971 3874 1016 3923 R2.
1034 3913 1066 3922 ..
1084 3871 1173 3936 ei,B².
1200 3881 1234 3937 et,

109 3941 197 3993 R¹Pd
206 3937 314 4005 (Rigalt.
326 3957 367 4006 ep.
381 3942 488 3994 Salmas.
500 3955 583 3993 exere.
593 3955 619 4004 p.
632 3944 689 3991 697.
702 3955 725 3989 1.
738 3935 781 4002 G.)
789 3933 819 4001 β.
837 3937 878 4000 ibi,
888 3932 917 3986 θ.
935 3937 971 3990 rbi
980 3948 1009 4002 et,
1020 3953 1046 4005 r.
1059 3980 1091 3991 ..
1104 3944 1232 4007 urbesque,

108 3999 160 4061 Bt
176 4003 297 4071 (Rigalt.)
324 4010 478 4074 urbesquae,
495 4010 519 4058 d.
546 4010 619 4059 urbes
632 4023 713 4070 quant,
730 4007 761 4057 T.
788 4005 867 4066 urbes,
883 3999 961 4069 Per.
979 4048 1011 4058 ..
1035 4005 1186 4069 innumerae,
1199 4010 1236 4060 Τ.

109 4076 273 4138 innumeram,
284 4077 317 4127 R.
341 4092 479 4138 numerare,
488 4076 583 4140 Rigalt.
607 4074 800 4135 innumerabiles,
811 4067 909 4137 Pessr.
928 4117 959 4126 -
980 4074 1030 4139 qui,
1042 4075 1124 4128 RPd.
1144 4075 1189 4142 qui
1200 4075 1231 4139 ei,

110 4137 162 4206 βγ.
180 4184 212 4194 ..
231 4142 304 4196 etiem
321 4144 352 4206 in,
367 4159 416 4196 om.
428 4145 459 4196 P·
478 4186 510 4194 ..
532 4143 786 4208 Herennianum.
807 4141 957 4210 Hyrcanum,
972 4138 1027 4205 Ρβ.
