2714 4710
85 326 88 337 .
114 299 216 343 axvnr
363 348 366 355 ¹
580 296 768 339 ranararro.

114 452 260 529 prioribus
285 449 471 528 potissimum
495 451 617 528 triginta
642 469 708 509 cum
732 449 827 528 primo
846 448 930 508 libris
950 464 1038 525 saepe
1058 449 1131 508 nihil
1151 450 1235 510 uliud

113 562 183 620 mihi
201 561 367 620 iaciendum
385 560 496 637 putavi,
515 560 573 619 uisi
590 568 625 619 ut
644 560 862 619 difficultatibus
880 558 937 616 loci
957 557 1082 635 pessime
1104 563 1237 638 corrupti

112 672 248 731 indicatis
263 671 373 731 vulnus
388 669 562 746 detegerem,
578 670 615 728 de
628 688 664 728 eo
677 687 732 746 per
746 687 794 727 me
808 668 938 727 sanando
952 668 1123 745 desperem.
1148 668 1237 730 Hanc

113 783 151 842 ad
171 781 343 840 modestiam
360 780 393 838 in
411 779 511 839 Plinio
539 797 655 854 quoque
674 777 774 855 magni
790 777 909 836 Ioannis
929 777 1071 837 Friderici
1091 776 1238 840 Gronovii

113 891 249 967 exemplo
263 890 496 949 commendatam
515 888 591 947 tales
611 888 738 960 codices,
753 887 855 964 quales
870 893 939 946 sunt
955 886 1187 963 Bambergensia
1206 889 1237 948 in

112 999 203 1058 Plinii
218 999 301 1058 hbris
315 999 453 1058 extremis
471 1007 501 1057 et
512 996 740 1072 Bambergensis
754 997 786 1055 in
797 995 875 1056 Livii
889 996 964 1056 libro
978 997 1127 1074 trigesimo
1139 997 1237 1070 tertio,

113 1109 162 1168 vel
173 1108 383 1167 audacissimos
394 1107 507 1168 criticos
523 1107 646 1166 invitent
663 1123 781 1165 necesse
795 1115 850 1178 eat,
863 1123 951 1182 quam
967 1123 1023 1181 ego
1035 1106 1067 1165 in
1080 1106 1238 1183 permultis

112 1219 186 1278 locis
197 1219 325 1278 maxime
336 1217 457 1295 triginta
466 1217 599 1292 priorum
613 1215 754 1274 librorum
765 1222 887 1275 eatenus
897 1231 964 1273 sum
975 1220 1103 1288 secutus,
1115 1222 1149 1275 ut
1158 1233 1238 1276 nunc

113 1347 207 1405 paene
227 1326 388 1405 poeniteat,
415 1344 483 1385 cum
501 1325 563 1383 sine
584 1325 672 1382 dubio
692 1324 779 1383 etiam
798 1324 836 1383 de
854 1324 954 1384 multis
974 1325 1080 1384 horum
1093 1323 1238 1385 librorum

113 1439 186 1497 locis
201 1437 385 1497 coniecturae
401 1436 461 1493 sint
481 1434 624 1511 prolatae,
645 1452 718 1508 ques
734 1436 821 1492 modo
836 1452 871 1492 ea
883 1435 921 1492 de
935 1450 1024 1492 causa
1035 1434 1167 1510 recipere
1181 1435 1237 1493 du·

113 1547 216 1619 bitavi,
236 1547 305 1622 quia
319 1546 413 1604 codex
428 1545 522 1620 qualis
540 1552 586 1602 est
596 1542 823 1618 Bambergensis
838 1561 896 1602 non
910 1544 1022 1614 aderat,
1041 1543 1093 1619 qui
1105 1543 1141 1602 iis
1154 1551 1238 1621 post·

113 1657 215 1716 liminii
228 1657 291 1714 iure
306 1654 580 1726 succenturiaretur,
592 1654 682 1729 quod,
694 1662 830 1712 uturum
841 1660 918 1711 certe
928 1650 1095 1729 exemplum
1106 1651 1238 1726 afferam,

114 1768 144 1825 in
165 1767 265 1827 verbis
283 1767 385 1842 thynni
402 1767 480 1823 iecur
498 1759 551 1834 32,
572 1757 624 1822 76.
647 1761 773 1822 Reinesii
787 1763 970 1821 coniecturae
990 1761 1106 1821 accidit.
1127 1759 1238 1822 Paucis

114 1876 145 1933 in
159 1874 244 1944 locis,
259 1891 333 1947 quos
348 1891 449 1930 omnes
462 1873 494 1930 in
507 1872 601 1930 indice
615 1872 727 1942 critico,
742 1871 779 1928 de
789 1889 849 1945 quo
859 1869 936 1928 inira
946 1870 1051 1943 dicam,
1064 1870 1239 1946 significavi,

115 2001 184 2042 eum
197 1983 229 2039 in
242 1981 378 2039 omnibus
393 1980 541 2039 codicibus
553 1981 683 2056 corrupti
696 1987 810 2053 essent,
832 1980 1012 2039 coniecturas
1032 1979 1165 2038 virorum
1185 1981 1240 2039 do·

117 2101 230 2151 ctorum
241 2090 347 2167 recepi,
355 2108 415 2148 non
422 2089 501 2163 quod
511 2107 565 2165 par
578 2107 629 2146 eas
636 2090 733 2148 locum
744 2099 881 2148 sanatum
894 2097 1039 2167 putarem,
1051 2089 1104 2149 sed
1114 2095 1150 2149 ut
1159 2096 1240 2149 certe

117 2201 196 2276 quod
211 2199 272 2275 legi
285 2206 386 2277 posset
400 2207 530 2257 exstaret
534 2217 544 2269 3
560 2199 626 2257 vide
641 2209 773 2276 repentae
787 2196 839 2272 32,
856 2195 928 2258 124.
951 2199 1083 2258 Maxime
1096 2216 1187 2272 vero,
1208 2206 1242 2258 ut

116 2312 155 2369 ad
169 2328 232 2368 rem
245 2310 374 2381 redeam,
390 2308 546 2368 discrimen
558 2309 632 2367 illud
646 2309 722 2367 inter
740 2310 918 2377 necessarias
932 2318 961 2368 et
979 2308 1149 2367 temerariae
1168 2326 1242 2367 con·

47 2471 49 2479 s
117 2421 245 2479 iacturae
270 2428 333 2478 tum
358 2419 570 2477 advertendum
584 2427 656 2491 erat,
679 2419 730 2476 ubi
748 2437 808 2476 non
826 2419 863 2476 de
876 2437 1019 2491 sermone,
1035 2419 1087 2477 sed
1100 2419 1242 2478 derebus

118 2529 188 2606 ipsis
202 2549 221 2587 a
234 2526 332 2587 Plinio
346 2529 472 2587 narratis
487 2527 593 2604 agitur.
614 2527 767 2585 Facillime
781 2528 829 2586 hic
843 2529 973 2587 accidere
986 2527 1083 2604 potuit
1095 2533 1126 2584 et
1135 2545 1244 2587 revera

119 2637 232 2706 accidit,
247 2644 282 2693 ut
300 2637 406 2710 aliquis
421 2655 536 2695 errores
553 2638 741 2696 librariorum
762 2638 970 2696 emendaturus
994 2638 1092 2714 ipsum
1109 2635 1243 2697 Plinium

119 2746 296 2804 emendaret.
324 2743 419 2802 Velut
438 2745 463 2802 si
483 2746 550 2819 quis
571 2763 672 2803 omnes
690 2764 829 2804 numeros
848 2746 965 2823 exigere
979 2746 1066 2818 velit,
1080 2745 1168 2806 facile
1181 2747 1244 2825 ipse

119 2856 236 2914 Plinius
257 2854 285 2911 ei
299 2853 482 2925 adversetur,
497 2853 550 2928 qui
571 2848 600 2926 6,
617 2849 667 2912 62.
684 2849 735 2913 63.
749 2855 949 2914 diversitatem
964 2874 1157 2915 numerorum
1170 2875 1243 2934 geo-

119 2963 327 3041 graphicorum
339 2964 488 3038 agnoscit3
503 2980 606 3022 rursus
621 2964 672 3037 qui
686 2981 778 3022 unum
792 2964 956 3024 alterumve
969 2965 999 3023 in
1013 2966 1182 3026 nominihus
1196 2985 1244 3025 er-

118 3093 218 3134 rorem
233 3075 360 3151 corrigat
373 3092 434 3133 non
446 3073 610 3145 librarium,
625 3073 677 3132 sed
691 3070 822 3131 Plinium
840 3072 870 3131 in
892 3093 993 3133 veram
1011 3075 1091 3134 viam
1110 3076 1243 3148 reducat,

120 3185 172 3258 qui
185 3182 409 3242 festinabundus
423 3181 596 3260 Dionysiam
611 3189 641 3238 et
653 3181 809 3241 Donusam
822 3183 961 3254 insulam,
974 3183 1045 3241 item
1060 3181 1201 3242 Cinaram
1215 3192 1245 3242 et

109 3291 261 3363 „Pinarum
278 3291 451 3360 nominavit,
474 3309 541 3348 eum
562 3300 754 3366 utrorumque
773 3291 922 3350 nominum
943 3293 1068 3351 alterum
1086 3294 1186 3366 modo,
1200 3293 1245 3352 uti

121 3417 160 3456 ex
171 3397 254 3455 Mela
264 3398 383 3468 scimus,
398 3415 503 3456 verum
518 3399 566 3455 sit.
581 3397 714 3457 Huncin
724 3419 854 3459 errorem
863 3400 955 3478 ipsius
965 3400 1056 3459 Plinii
1069 3402 1245 3461 emendandi

121 3506 307 3584 potissimum
320 3503 476 3564 Pintianus
490 3505 520 3563 in
534 3505 615 3564 libris
629 3508 834 3585 geographicis
847 3511 958 3582 incidit,
979 3511 1031 3584 qui
1051 3511 1160 3586 ubique
1179 3510 1244 3571 Pli-

120 3617 204 3675 nium
231 3613 369 3675 Straboni
393 3614 601 3673 conciliaturus
627 3616 729 3675 multis
749 3618 779 3675 in
803 3619 876 3678 locis
889 3618 1022 3679 Plinium
1042 3626 1077 3679 ut
1094 3621 1126 3678 in
1145 3617 1245 3679 Plinio

121 3742 330 3800 quaereremus
344 3723 500 3781 effecturus
514 3732 586 3794 eret,
595 3725 758 3785 inciderunt
768 3698 1100 3802 SalmasiusJBcdaeus,
1109 3729 1171 3802 alii,
1179 3731 1243 3806 qui,

121 3843 155 3893 ut
169 3834 298 3893 Plinium
312 3852 378 3892 cum
392 3831 562 3905 Aristotele,
578 3832 796 3910 Theophrasto,
810 3837 983 3898 Dioscorida
997 3857 1160 3915 congruum
1173 3841 1244 3899 red·

121 3945 232 4017 derant,
247 3961 316 4002 vere
329 3948 513 4019 portentosas
527 3944 708 4003 coniecturas
722 3945 753 4004 in
767 3948 896 4005 medium
909 3948 1043 4024 prolerre
1055 3966 1115 4008 non
1129 3949 1243 4008 dubita·

121 4062 205 4125 runt,
234 4072 293 4113 non
315 4053 478 4130 cogitantes
497 4055 625 4130 primum
643 4055 687 4113 illi
709 4054 838 4115 Plinium
864 4065 979 4133 praeter
997 4058 1066 4117 illos
1085 4058 1243 4138 scriptores
