2714 4710
353 325 423 373 ars.
437 327 477 400 ,¹¹-
509 327 587 375 oav.
605 326 667 374 vn.
683 329 760 374 vm.
782 308 887 374 ‘saron
904 331 922 372 a.
937 331 955 371 ο.
1155 313 1213 376 111

13 457 17 473 ’
97 477 347 544 monstrabimus
368 477 448 543 looo.
483 476 684 553 Circulorum
706 478 834 562 quoque
857 477 937 543 caeli
953 478 1039 546 ratio
1060 479 1093 543 in
1115 491 1217 546 terrae

97 578 260 644 mentione
275 578 382 663 aptius
397 577 532 657 dicetur,
556 579 684 663 quando
698 580 740 643 ad
761 600 831 643 eam
854 590 922 645 tota
943 579 1093 665 pertinet,
1117 580 1217 668 signi·

97 679 158 744 feri
181 679 283 744 modo·
296 678 533 744 inventionibus
555 703 619 746 non
648 680 764 745 dilatis.
804 677 1038 762 Obliquitatem
1069 681 1139 745 eius
1168 682 1217 744 in·
1232 703 1262 747 ³1

96 779 261 851 tellexisse
287 779 348 845 hoc
375 789 426 845 est
452 803 560 844 rerum
587 781 665 844 foris
692 781 859 865 aperuisse
887 777 1130 845 Anaximander
1151 781 1218 846 Mi-

94 879 198 946 lesius
214 880 350 944 traditur
364 881 488 964 primus
503 881 686 968 olympiade
702 881 970 969 quinquagesima
983 893 1105 960 octava,
1127 882 1218 968 signa

12 1062 17 1070 .
95 980 214 1045 deinde
229 980 261 1043 in
278 1004 316 1046 eo
332 979 530 1045 Cleostratus
550 992 583 1045 et
603 981 707 1067 prima
729 982 837 1046 arietis
859 1004 898 1047 ac
921 983 1077 1070 sagittari,
1101 983 1218 1067 sphae-

94 1104 163 1146 ram
184 1081 257 1165 ipso
271 1082 444 1147 mandante
458 1082 579 1146 mundo
594 1081 698 1147 Atlas.
732 1081 828 1147 Nunc
849 1083 961 1149 relicto
982 1082 1094 1146 mundi
1115 1082 1219 1167 ipsius

95 1203 229 1267 corpore
250 1182 374 1266 reliqua
394 1183 483 1247 inter*
498 1183 623 1274 caelum
645 1193 810 1268 terrasque
833 1194 1017 1248 tractentur.
1048 1180 1219 1249 Summum
1232 1205 1264 1248 aa

95 1305 171 1348 esse
194 1281 280 1365 quod
301 1293 416 1346 vocant
436 1279 569 1348 Saturni
591 1282 680 1348 sidus
706 1283 844 1367 ideoque
865 1283 1042 1348 minumum
1063 1283 1165 1348 videri
1187 1295 1220 1348 et

95 1405 248 1448 maxumo
263 1381 384 1447 ambire
402 1383 521 1449 circulo
542 1407 581 1448 ac
603 1382 763 1448 tricesimo
785 1407 868 1450 anno
891 1385 933 1449 ad
954 1385 1144 1450 brevissima
1166 1408 1218 1451 se·

95 1483 148 1548 dis
171 1505 250 1548 suae
272 1482 429 1568 principia
449 1483 578 1570 regredi
601 1495 723 1548 certum
747 1495 807 1563 est,
831 1486 971 1551 omnium
987 1498 1094 1551 aut-em
1110 1509 1219 1550 erran·

93 1585 176 1649 tium
199 1583 339 1648 siderum
361 1594 501 1662 meatus,
523 1585 607 1649 inter
630 1607 713 1669 quae
736 1585 812 1649 solis
836 1599 867 1648 et
888 1581 1002 1666 lunae,
1026 1588 1219 1652 contrarium

95 1685 217 1750 mundo
238 1689 336 1773 agere
358 1707 488 1750 cursum
516 1684 550 1748 id
573 1695 624 1749 est
651 1686 793 1763 laevom,
823 1686 878 1751 illo
902 1709 1029 1772 semper
1049 1685 1083 1748 in
1105 1685 1220 1750 dextra

92 1785 272 1872 praecipiti.
306 1785 351 1849 Et
370 1786 516 1869 quamvis
536 1786 672 1851 adsidua
691 1785 899 1851 conversione
920 1786 1085 1851 inmensae
1107 1786 1218 1851 celeri-
1233 1808 1266 1852 aa

95 1887 173 1950 tatis
195 1888 378 1951 attollantur
399 1887 440 1952 ab
464 1908 501 1950 eo
523 1886 752 1973 rapianturque
774 1887 807 1950 in
829 1897 995 1965 occasum,
1018 1889 1155 1952 adverso
1170 1899 1218 1952 ta

16 2064 18 2068 Ι
96 2009 172 2051 men
194 1986 241 2051 ire
262 1998 352 2052 motu
373 2008 432 2071 per
454 2010 530 2053 suos
552 2008 698 2072 quaeque
721 2010 855 2072 passus}
888 1987 936 2052 ita
958 1988 1049 2067 fieri,
1078 2010 1119 2053 ne
1141 2011 1219 2054 oon-

48 2121 53 2130 ,
96 2089 228 2152 volutus
248 2110 305 2152 aer
323 2086 457 2153 eandem
471 2089 505 2153 in
519 2078 647 2175 partem
659 2098 789 2153 aeterna
803 2089 914 2154 mundi
929 2090 1086 2176 vertigine
1100 2091 1219 2179 ignavo

66 2236 74 2252 .
95 2187 196 2275 globo
219 2200 344 2274 torpeat
366 2191 424 2254 sed
446 2190 600 2254 fundatur
621 2189 757 2255 adverso
779 2190 919 2254 siderum
940 2190 1074 2255 verbere
1095 2191 1218 2257 discre-

96 2301 151 2354 tus
166 2302 197 2354 et
211 2289 368 2378 digestus.
400 2289 531 2356 Saturni
546 2301 654 2355 autem
672 2289 760 2354 sidus
782 2291 908 2376 gelidae
930 2312 969 2354 ao
989 2291 1125 2377 rigentis
1148 2314 1220 2356 esse

94 2401 233 2456 naturae
254 2383 454 2475 multumque
477 2414 518 2456 ex
539 2413 578 2456 eo
600 2381 782 2454 inferiorer'n
803 2389 890 2483 Iovis
914 2388 1067 2454 circulum
1090 2402 1122 2455 et
1146 2391 1220 2456 ideo

96 2540 164 2581 ortas
168 2532 250 2594 sores,
262 2531 369 2582 Salmas.
390 2571 417 2578 ..
436 2530 525 2592 primo,
538 2531 569 2578 lt.
591 2570 617 2578 -
640 2529 733 2590 deiide,
750 2531 892 2594 Rubdgp.
911 2528 975 2591 dein,
990 2530 1020 2580 P.
1045 2531 1132 2581 Ornia.
1146 2535 1219 2582 codd.

95 2599 211 2648 Barbari.
231 2639 261 2648 ..
283 2600 309 2648 in
325 2616 352 2648 eo
371 2593 532 2659 Cleostratus,
549 2598 665 2659 Rabdg.
688 2596 904 2658 Meocteostratus,
921 2613 946 2661 p.
970 2599 1122 2659 ecclesiates,
1138 2601 1167 2650 P.
1188 2640 1216 2648 -

92 2667 274 2730 primaltdp.
288 2666 403 2730 primam,
419 2665 506 2728 Pabg
522 2662 609 2727 (codd.
626 2663 752 2727 Barbari.)
773 2684 833 2713 ..ε
867 2666 962 2724 diuam,
978 2667 1009 2716 R.
1031 2706 1053 2714 ..
1078 2665 1219 2729 sphaeram,

96 2734 122 2782 d.
144 2733 240 2794 seram,
260 2734 371 2795 Rabgp
392 2727 477 2793 (codd.
494 2733 599 2782 Barbari
620 2741 645 2780 et
664 2733 727 2781 liber
745 2733 851 2783 Salmas.
878 2734 998 2797 formam,
1015 2735 1045 2783 P.
1071 2737 1112 2785 De
1128 2750 1219 2795 errore,

12 2821 25 2831 ν
98 2815 178 2863 quem
188 2800 254 2850 Pliu
271 2801 370 2861 videtur
382 2801 536 2849 commisisse
553 2800 611 2848 coll.
632 2803 654 2860 7,
673 2806 738 2858 203,
756 2801 804 2848 vid.
817 2801 896 2850 Hard.
913 2801 939 2848 in
955 2801 1024 2850 notis
1041 2811 1067 2849 et
1083 2805 1219 2852 emendata.

96 2869 130 2916 ad
142 2867 169 2916 h.
181 2867 199 2916 l.
219 2908 250 2916 -
268 2868 320 2932 ν’ρεο
332 2865 466 2916 mandante
477 2865 574 2927 mando,
585 2867 698 2930 Pabgp
715 2865 800 2927 (codd.
813 2868 888 2916 Barb.
906 2874 932 2915 et
952 2867 1016 2916 liber
1027 2866 1120 2929 Salm.)
1129 2867 1220 2932 ‘ipsam
1314 2909 1324 2919 .

95 2931 211 2996 [rasum]
230 2944 284 2984 ante
306 2934 390 2994 multa,
407 2935 439 2983 R.
467 2934 546 2997 ιρεαιο
567 2943 621 2983 ante
641 2933 724 2994 multo,
741 2928 813 2998 ᾱβγ.
838 2933 893 2998 a‘pso
907 2933 1030 2996 pandente
1046 2932 1142 2994 mundo,
1163 2935 1220 2985 Sal.

94 3017 161 3051 mas.
188 3003 225 3051 At
243 3017 298 3050 non
319 3003 456 3051 deserenda
471 3010 510 3052 est
529 3002 605 3051 lectio
622 3001 778 3062 optimorum
798 3001 932 3060 librorum
956 2999 1049 3048 etenim
1070 3014 1128 3048 cum
1144 3002 1219 3051 Atlas

94 3071 222 3119 mundum
234 3065 293 3131 (τὸν
310 3064 450 3128 σύμπαντα
467 3063 578 3128 κόσμον,
596 3067 701 3116 Diodor.
718 3067 767 3116 Sic.
785 3072 809 3126 3,
827 3072 866 3114 60.
885 3059 1047 3126 rdvadapov
1061 3061 1135 3126 ὅλον,
1152 3068 1219 3117 idem

95 3143 122 3197 4,
143 3132 197 3199 27.)
214 3134 326 3186 humeris
342 3136 394 3185 suis
412 3134 496 3196 ferret,
513 3136 567 3197 ipse
592 3137 701 3183 mundas
719 3135 854 3196 sphaeram
869 3132 971 3181 Atlanti
986 3135 1144 3184 mandavisse
1162 3135 1178 3182 i.
1196 3150 1218 3184 c.

95 3203 233 3253 credidisse
243 3205 307 3265 bene
320 3203 368 3252 dici
380 3210 472 3266 potest.
491 3195 559 3250 Φασὶ
571 3189 595 3248 δ’
609 3196 712 3260 αὐτὸν(
714 3189 852 3260 Ἄτλαντα)
858 3194 890 3247 τὰ
903 3193 965 3263 περὶ
978 3197 1026 3264 τὴν
1039 3196 1218 3266 ἀστρολογίαν
1304 3198 1312 3209 ’

95 3264 168 3325 ἐξαιι
189 3264 288 3331 ιβῶσαι
304 3264 349 3317 καὶ
366 3264 413 3317 τὸν
430 3264 575 3348 σφαιρικὸν
592 3262 672 3331 λόγον
690 3262 734 3325 εἰς
750 3263 914 3331 ἀνθρώπους
927 3266 1033 3332 πρῶτον
1051 3263 1217 3333 ἐξενεγκεῖν,

94 3325 148 3400 ἀφ’
163 3285 198 3400 ἔς
210 3333 302 3393 αἰτίας
313 3332 394 3394 δόξαι
408 3332 454 3392 τὸν
464 3348 604 3396 σομπαντο
613 3330 713 3394 κόσμον
723 3329 768 3382 ἐπὶ
778 3323 981 3392 τῶνγΑτλαντος
989 3329 1219 3403 ὤμωνόχεῒσθαι,

92 3401 146 3521 {⁰⁵
155 3399 248 3464 μύθου
265 3400 313 3469 τὴν
329 3406 381 3468 τῆς
395 3397 518 3468 σφαίρας
531 3397 638 3467 εὕρεσιν
655 3395 700 3448 καὶ
717 3397 894 3467 καταγραφὴν
913 3396 1106 3462 αἰνιττομένου.
1141 3406 1218 3456 Diod.

114 3471 148 3520 ic.
162 3477 186 3529 a,
200 3477 239 3521 so.
253 3472 310 3520 0011.
324 3479 348 3533 4,
362 3474 402 3521 ar.
1170 3523 1172 3527 ,

129 3535 145 3597 δ
158 3543 199 3586 32.
219 3537 353 3598 Summam
365 3553 411 3601 per
426 3538 535 3587 sedecim
546 3537 599 3587 fere
610 3553 697 3587 versus
708 3539 791 3587 codex
802 3551 820 3599 g
831 3537 892 3602 hipc
902 3545 940 3586 est
952 3537 1084 3587 laceratus.
1099 3578 1124 3585 -
1142 3541 1219 3589 atati-

92 3605 126 3663 ra',
147 3604 177 3653 P.
206 3646 228 3652 -
258 3606 420 3665 brevissimae,
440 3605 470 3653 P.
499 3621 561 3655 anno
582 3621 635 3654 catu
656 3603 795 3654 brevissime
816 3603 851 3653 ad
869 3603 943 3664 aedis,
959 3605 993 3654 K.
1014 3645 1044 3652 ..
1067 3606 1128 3654 inter
1145 3621 1218 3669 quae,
1292 3615 1301 3622 ·

92 3673 164 3734 abp.
183 3672 298 3736 interque,
316 3675 347 3723 R.
371 3674 468 3735 iterque,
485 3673 514 3721 P.
538 3675 648 3734 interque
667 3687 705 3733 ea,
722 3674 745 3721 d.
765 3667 957 3735 (Robert.)flr.
977 3712 1008 3718 -
1027 3672 1218 3723 carsumetlae-

92 3753 167 3799 vam,
190 3754 216 3802 p.
247 3780 278 3787 ..
309 3740 360 3800 illo,
381 3741 484 3789 Barbar.
504 3741 600 3802 Rabg.
627 3738 687 3802 illa,
706 3738 759 3802 Pp.
788 3779 818 3786 ..
845 3736 946 3797 dextra,
963 3739 1082 3800 Rabdg.
1105 3739 1217 3800 dextera,

90 3806 175 3869 P'rp.
195 3806 326 3867 demerem,
337 3803 389 3870 βγ.

129 3870 199 3932 ξ33.
219 3876 296 3934 abeo,
309 3876 361 3924 Rd.
380 3871 449 3933 adeo,
461 3875 526 3923 Pab
533 3888 580 3936 gp.
601 3914 631 3922 -
651 3875 789 3938 raptantur,
806 3872 835 3920 P..
856 3912 886 3919 ..
906 3871 999 3935 impeta,
1016 3876 1058 3922 d‘.
1083 3914 1114 3922 ..
1139 3889 1218 3935 qaae-

94 3956 155 4004 qae,
176 3942 248 3991 R²d.
276 3957 381 4006 qaoque,
400 3941 564 4002 R¹Pabgp
592 3979 623 3987 -
642 3941 717 4002 fien',
738 3939 841 3988 Barbar.
862 3940 981 4001 Rabdg.
1001 3938 1087 4002 ferri,
1106 3940 1159 4003 Pp.
1185 3982 1216 3990 -

93 4016 232 4068 marnam,
244 4010 276 4059 R.
289 4049 320 4058 ...
332 4006 466 4072 fundator,
478 4004 668 4068 RSTabdgr.
682 4005 805 4069 findatur,
816 4005 839 4054 P
844 4000 896 4068 pst.
904 4045 935 4053 ..
949 4003 1061 4056 decretis
1073 4007 1097 4056 et
1107 4007 1217 4072 dipem,
1260 4001 1267 4014 ⁸

92 4076 120 4126 R
131 4077 146 4123 ¹.
159 4115 191 4124 ..
202 4075 353 4139 multamque,
364 4076 548 4138 RPTabdpr
560 4069 688 4135 (Robert.)
706 4071 831 4135 multoque,
843 4067 917 4135 gssr.
936 4112 968 4121 -
986 4091 1016 4124 ex
1028 4089 1055 4121 eo
1069 4089 1134 4138 pone
1145 4078 1217 4140 inser.

10 4135 17 4143 ’
93 4142 206 4192 collocat
216 4142 247 4192 P.
266 4157 297 4190 ea
309 4144 376 4191 delet
386 4143 476 4193 Dalec.
496 4182 527 4189 -
545 4139 692 4202 inferiorem,
710 4140 769 4190 ΒΡ.
789 4138 814 4188 in
831 4140 911 4199 terris,
924 4139 955 4189 Τ.
979 4141 1004 4189 in
1024 4141 1100 4191 tarvis
1117 4145 1218 4208 inferio·

93 4291 154 4335 rem,
170 4278 273 4340 bdgpr
291 4273 421 4337 (Robora)
445 4229 699 4339 {imitatorem
