2714 4710
297 335 367 384 un.
385 338 432 384 v1.
461 336 539 384 aar.
555 337 642 385 xxn.
658 339 760 385 xxm.
790 336 887 385 sncr.
903 339 935 382 a.
949 339 981 383 25.
1136 321 1198 385 435

75 504 188 572 regem
209 505 229 547 a
248 485 368 569 populo
390 492 519 549 senecta
540 483 781 569 clementiaque,
802 485 921 551 liberos
939 507 1003 551 non
1017 484 1198 567 habentem,

76 594 111 650 et
133 583 161 648 si
181 594 296 669 postea
316 583 445 672 gignat,
468 583 628 663 abdicari,
655 608 697 650 ne
722 585 779 650 fiat
804 585 1032 652 hereditarium
1053 609 1199 672 regnum.

75 684 231 750 Rectores
259 685 289 750 ei
317 706 336 747 a
362 685 482 770 populo
503 706 575 748 xxx
604 684 674 749 dari
702 707 763 751 nec
791 685 854 750 nisi
880 686 1022 771 plurium
1043 687 1200 752 sententia
1214 709 1246 752 oo

74 805 271 870 quemquam
293 783 407 870 capitis
435 785 579 849 damnari
586 810 595 864 ;
624 786 670 851 sic
700 807 827 871 quoque
856 786 1103 873 appellationem
1130 809 1200 853 esse

75 886 119 950 ad
140 886 312 972 populum,
334 907 402 949 xxx
423 885 547 951 iudices
569 885 657 964 dari;
681 886 709 951 si
730 887 867 952 liberent
887 886 911 952 ii
932 909 1040 966 reum,
1063 889 1200 973 amplius

74 1008 150 1051 xxx
170 987 210 1051 iis
231 985 351 1050 nullam
374 1007 444 1051 esse
466 986 700 1075 dignationem,
728 987 919 1074 gravissimo
944 988 1073 1073 probro.
1115 987 1200 1075 Regi

75 1087 200 1152 cultum
219 1085 331 1151 Liberi
352 1084 474 1164 Patris,
499 1087 614 1151 ceteris
634 1086 793 1151 Arabum.
835 1086 971 1174 Regem,
994 1089 1021 1153 si
1044 1088 1121 1172 quid
1141 1088 1199 1153 de·
1214 1111 1244 1154 91

74 1187 216 1272 linquat,
239 1198 341 1252 morte
362 1188 508 1266 multari,
530 1187 617 1255 nullo
638 1187 853 1266 interimente‚
876 1188 1098 1254 aversantibus
1120 1211 1200 1254 cun-

76 1289 140 1354 ctis
163 1298 195 1353 et
216 1289 395 1354 conmercia
423 1289 520 1353 etiam
548 1288 704 1352 sermonis
724 1288 928 1374 negantibus.
972 1287 1073 1355 Festa
1100 1309 1200 1354 vena-

75 1389 163 1455 tione
185 1390 326 1476 apsumi,
355 1389 572 1476 gratissimam
598 1410 669 1454 eam
699 1388 835 1475 tigribus
858 1389 1101 1477 elephantisque
1124 1412 1200 1456 con-

76 1499 175 1556 stare.
217 1490 326 1578 Agros
348 1491 520 1578 diligenter
548 1489 630 1568 coli,
660 1488 735 1555 vitis
763 1512 859 1555 usum
884 1513 950 1556 non
979 1514 1067 1571 esse,
1096 1493 1200 1578 pomis

75 1591 250 1657 abundare.
270 1591 354 1657 Esse
370 1601 401 1656 et
415 1592 448 1656 in
462 1590 591 1677 piscatu
604 1590 812 1676 voluptatem,
828 1593 1026 1658 testudinum
1039 1615 1199 1670 maxume,

74 1713 213 1778 quarum
238 1691 406 1777 superficie
428 1691 565 1756 familias
585 1689 799 1756 habitantium
821 1693 965 1779 contegi3
997 1703 1085 1758 tanta
1105 1714 1200 1779 repe-

73 1794 133 1859 riri
158 1794 390 1882 magnitudine.
422 1791 536 1858 Vitam
563 1791 727 1857 hominum
753 1813 772 1857 c
798 1792 888 1857 annis
910 1793 1093 1862 modicam..
1107 1792 1201 1860 Haec

74 1905 231 1981 conperta
252 1895 292 1960 de
314 1894 518 1980 Taprobane.

119 1997 171 2061 25.
194 1995 357 2078 Quattuor
378 1995 534 2081 satrapiae
557 2016 638 2079 quas
659 1993 693 2059 in
714 1993 800 2061 hunc
820 1993 927 2060 locum
949 1993 1131 2062 distulimus
1155 1996 1201 2062 ita
1214 2015 1246 2059 sa

75 2119 112 2162 se
134 2096 262 2162 habent.

118 2195 253 2263 XXIII.
287 2196 322 2262 A
357 2196 522 2283 proxumis
551 2195 633 2261 Indo
661 2195 815 2283 gentibus
846 2205 1007 2261 montana.
1041 2195 1200 2283 Capisene

74 2298 189 2363 habuit
211 2296 362 2385 Capisam
383 2298 512 2377 urbem,
535 2320 632 2382 quam
653 2297 753 2361 ‹liruit
775 2296 892 2382 Cyrus.
925 2297 1106 2363 Arachosia
1127 2321 1200 2363 cum

73 2399 205 2466 flumine
236 2412 268 2466 et
296 2401 414 2487 oppido
443 2399 586 2465 eiusdem
614 2399 767 2476 nominis,
796 2398 882 2482 quod
911 2398 1042 2483 quidam
1064 2396 1199 2484 Cophen

75 2501 203 2579 dixere,
232 2523 251 2566 a
277 2498 489 2567 Semiramide
518 2498 692 2564 conditum.
725 2496 842 2564 Amnis
863 2498 1081 2584 Erymanthus
1103 2521 1198 2584 prae-

73 2601 177 2667 fluens
197 2600 396 2667 Parabesten
418 2599 678 2666 Arachosiorum.
700 2596 880 2664 Proxumos
900 2599 941 2664 iis
963 2622 983 2664 a
1003 2599 1136 2666 meridie
1156 2601 1199 2665 ad

72 2712 201 2788 partem
233 2702 469 2768 Arachotarum
502 2701 625 2766 faciunt
650 2700 898 2779 Dexendrusos,
912 2774 915 2779 ,
931 2723 951 2764 a
979 2702 1198 2786 septentrione

72 2801 350 2887 Paropanisadas;
375 2800 517 2866 Cartana
538 2800 694 2886 oppidum
715 2799 775 2865 sub
800 2797 958 2878 Caucaso,
980 2801 1067 2883 quod
1086 2812 1198 2886 postea

73 2900 269 2986 Tetrogonis
291 2899 421 2965 dictum.
443 2899 537 2963 Haec
557 2898 648 2986 regio
670 2908 778 2964 estex
792 2898 928 2964 adverso
941 2897 1196 2978 Bactrianorum,

73 3079 130 3130 Rd.
149 3072 440 3133 tensamentum.
459 3110 491 3120 ..
513 3085 574 3130 eam,
591 3068 657 3120 Rob.
684 3085 744 3132 eum,
757 3069 812 3121 Rd.
831 3110 863 3120 ..
888 3070 1031 3134 elephantus
1048 3089 1103 3137 quo,
1120 3075 1144 3124 d.
1163 3113 1195 3123 ..

73 3145 260 3203 voluntatemd.
279 3183 311 3190 -
336 3140 448 3200 Virmn.
466 3178 499 3187 ..
517 3135 626 3198 bominis,
639 3137 671 3186 T.
783 3151 786 3155 ·

109 3211 124 3272 ᾖ
138 3216 178 3261 92.
196 3209 322 3270 Indorum,
335 3209 387 3258 Td.
401 3247 433 3255 -
449 3203 575 3270 Capisene,
585 3207 611 3255 R
622 3200 708 3265 (codd.
721 3203 828 3256 Salmas.
842 3219 923 3254 exarc.
935 3219 960 3269 p.
973 3209 1032 3257 827.
1044 3223 1067 3258 a.
1079 3205 1128 3272 A.)
1147 3205 1195 3258 Ca·

69 3278 179 3347 pisaeae,
192 3272 260 3342 θτγ.
278 3275 371 3339 cepisse
383 3289 433 3337 nec,
446 3274 470 3322 d.
497 3270 654 3335 Capaneum,
664 3267 694 3334 β.
712 3312 745 3321 ..
762 3271 854 3335 habuit,
866 3264 990 3324 ROTdr.
1011 3271 1108 3336 habant,
1119 3271 1149 3338 β.
1162 3316 1194 3326 ..

78 3345 202 3411 Capisam,
219 3346 292 3395 codd.
309 3343 417 3394 Salmas.
449 3337 605 3404 Claphr'sam,
621 3340 653 3390 R.
685 3339 822 3404 Capitinam,
838 3342 862 3389 d.
892 3338 1033 3406 Capisaam,
1049 3337 1143 3408 θτβγ.
1162 3384 1194 3393 .-

65 3415 172 3480 flumine
184 3421 208 3462 et
222 3410 317 3477 oppido,
334 3401 431 3461 ROSr.
445 3409 551 3473 flumine
568 3417 592 3457 at
605 3405 726 3472 oppidum,
742 3407 773 3457 T.
788 3406 894 3472 flumine
906 3409 992 3474 oppido
1004 3418 1035 3471 at,
1052 3413 1124 3461 codd.
1137 3410 1193 3462 Sal·

72 3497 138 3532 mas.
151 3494 232 3529 exerc.
244 3496 269 3543 p.
283 3485 340 3528 493.
352 3479 377 3527 b.
390 3478 424 3527 D.
433 3476 527 3540 flumen
540 3482 563 3524 et
575 3474 694 3540 oppidum,
706 3477 729 3524 d.
748 3474 953 3540 oppidoflumz'nc,
963 3471 994 3537 β.
1012 3475 1101 3542 oppido
1113 3477 1193 3542 etflu-

72 3546 147 3667 {²³⁰²
159 3538 933 3674 'andttlt‘alfflbtslttd?ldltttffltl
951 3541 1194 3662 truatur

101 3652 153 3665 ·—
339 3650 345 3672 r
403 3648 454 3660 ·—
641 3647 648 3671 r
677 3645 684 3658 ·
861 3646 868 3671 r
934 3647 941 3660 ·
1186 3647 1193 3660 ·

73 3683 183 3736 Salmas.
196 3695 280 3731 exerc.
293 3696 318 3744 p.
331 3683 388 3730 827.
401 3696 424 3730 a.
434 3679 469 3728 D.
486 3677 639 3741 Erymandus,
655 3668 683 3726 θ.
700 3675 869 3738 Hermandua,
881 3671 910 3738 β.
930 3717 962 3726 ..
976 3647 1110 3742 mostuene:
1122 3681 1147 3729 d.
1160 3718 1193 3728 ..

71 3749 231 3810 Parabesten,
243 3749 316 3798 codd.
328 3747 436 3798 Salmas.
447 3761 473 3809 p.
487 3750 544 3794 828.
556 3760 580 3794 a.
592 3744 627 3793 A,
644 3743 827 3806 Parabaeatan,
839 3747 870 3796 R.
905 3744 1041 3806 aransbeat,
1050 3747 1081 3796 T.
1097 3761 1194 3811 parans

73 3818 183 3877 haustam,
196 3817 220 3866 d.
235 3830 283 3878 per
294 3813 405 3875 Abesten,
416 3809 446 3875 β.
459 3853 491 3862 ..
506 3809 706 3872 Arachosiorum,
717 3812 821 3861 Barbar.
838 3811 877 3862 Ar
895 3820 1036 3873 acoatorum,
1048 3813 1081 3863 Β.
1099 3810 1192 3869 Arber-

60 3886 174 3944 'atorum‚
186 3885 210 3933 d.
230 3923 262 3931 -
279 3880 392 3931 Pronim'
407 3880 452 3942 bis,
464 3882 488 3931 d.
507 3919 539 3928 ..-
556 3875 744 3938 Dexendrusos,
758 3872 838 3928 OTd.
859 3877 1077 3941 Dexendrusoaas,
1089 3880 1122 3931 R.
1143 3879 1193 3931 Ge-

73 3950 162 4002 droooa
178 3960 212 4011 et,
228 3950 331 4000 Barbar.
347 3943 399 4011 βγ.
418 3987 450 3996 ..
469 3943 505 3996 ad
520 3947 717 4010 septentrionem,
733 3945 785 3996 Td.
803 3985 836 3995 ..
853 3944 1073 4011 Paropanisadae,
1091 3949 1128 3998 ita
1143 3962 1192 3998 uos

72 4019 226 4083 scripsimus.
252 4014 520 4082 Paropanisadasx
552 4012 837 4130 Yparoganbidasffld.
859 4010 1141 4080 Paropanisadasssr.
1159 4055 1191 4065 .-

76 4084 236 4150 Tatrapom's,
252 4085 319 4135 Pint.
331 4085 385 4134 Rd.
407 4079 559 4148 Temoponis,
575 4074 603 4129 θ.
648 4079 777 4146 aoroyonia,
787 4080 821 4130 Κ.
840 4076 874 4130 ,ζ
891 4095 922 4130 aa
933 4079 1055 4146 adverso,
1070 4082 1193 4133 Bactria-

72 4169 157 4204 norum
177 4151 270 4214 demde,
290 4151 372 4212 cuius,
387 4151 466 4202 Hard
481 4163 507 4214 γ.
532 4149 652 4199 Nostram
667 4147 896 4212 interpunctionem
914 4164 964 4200 usu
982 4150 1103 4214 loquendi
1117 4151 1193 4199 unice

72 4223 276 4272 commendatam
287 4221 378 4270 retinet
388 4213 417 4279 β.
430 4215 597 4277 exadversum,
609 4218 681 4267 codd.
691 4215 798 4268 Salmas.
810 4231 835 4280 p.
845 4220 910 4278 827,
921 4220 988 4269 uude
999 4219 1125 4285 quaedam
1136 4232 1194 4266 mn-

72 4296 118 4339 tat.
135 4284 335 4351 Bactrianorum,
347 4285 434 4337 deinde
445 4287 504 4348 aur,
516 4286 566 4336 Kr.
1059 4281 1086 4307 “³

1071 4298 1079 4321 ιι
1086 4290 1100 4323 :²

970 4353 988 4388 ἦ
