2714 4710
112 82 156 124 LX
580 77 769 121 rmrnmo.

157 233 282 292 Praeter
301 232 357 291 hos
376 249 447 290 vero
468 231 583 291 codices
602 232 687 306 siglis
706 228 881 305 significatos
902 245 960 286 non
980 227 1140 286 omittenda
1154 234 1238 286 erant

114 350 254 420 excerpta
264 360 303 401 ex
313 340 378 400 eliis
390 339 536 399 codicibus
549 359 569 398 a
583 339 719 415 pluribus
734 338 805 398 ritis
819 337 922 408 doctis,
936 337 980 395 uti
994 334 1137 408 Barbam,
1152 334 1236 393 Rhe-

113 468 202 522 nauo,
218 448 353 522 Gelenio,
369 447 526 520 Salmasio,
539 448 711 520 Remonieo,
723 447 833 522 Zoegs,
845 445 919 517 aliis,
931 444 1031 516 allata,
1043 461 1121 520 quse
1129 445 1236 520 repeti·

115 560 196 618 visse
210 557 360 617 nonnullis
374 557 467 632 primo
481 556 599 630 quidem
613 557 719 615 obtutu
733 556 860 614 otiosum
879 555 927 613 vel
940 553 1036 630 potius
1056 570 1237 629 supervaca-

115 685 203 726 neum
221 665 382 736 ridebitur,
404 682 471 723 cum
492 665 599 740 partim
621 672 699 723 certe
717 666 748 724 in
768 664 909 723 editiones
928 663 1040 721 dudum
1058 668 1187 738 recepta,
1201 669 1237 719 ut

116 776 211 833 denuo
225 773 408 842 efferrentur,
424 772 575 848 postulare
589 791 648 831 non
663 773 841 831 viderentur.
862 771 906 830 At
915 771 1043 848 primum
1052 772 1121 829 inde
1131 771 1238 830 clarius

116 889 250 959 apparet,
276 882 423 956 quomodo
448 881 535 939 lectio
560 882 683 958 vulgata
703 888 769 939 orta
786 882 839 954 sit,
865 881 935 967 quja
955 879 1000 938 illi
1020 880 1077 938 viri
1090 879 1178 952 docti,
1192 880 1236 938 uti

116 992 279 1062 Barbarus,
294 989 467 1059 Rhenanus,
483 987 634 1059 Gelenius,
658 990 772 1048 codices
788 1008 857 1048 suos
871 989 909 1047 ad
922 989 1117 1047 emendandos
1136 1007 1238 1047 corru-

116 1109 182 1178 ptos
201 1101 307 1176 quibus
325 1107 389 1157 tum
408 1099 564 1157 utebantur
583 1098 723 1156 editiones
744 1098 934 1168 adhibebant3
955 1097 1059 1155 deinde
1079 1090 1237 1177 (quidquid

118 1210 173 1268 viri
192 1212 229 1269 ob
250 1208 404 1268 brevitatis
424 1207 554 1265 studium
575 1208 661 1264 aliter
681 1207 838 1265 sentientes
860 1213 943 1264 erant
962 1206 1142 1276 oblocuturi,
1171 1224 1236 1263 cum

103 1324 197 1378 'certe
222 1317 327 1376 scirem
347 1316 420 1374 alios
440 1334 547 1373 rursus
566 1333 682 1374 mecum
704 1333 769 1374 esse
790 1312 941 1391 sensuros)
966 1315 998 1373 in
1026 1315 1150 1373 editione
1170 1331 1238 1371 mea

118 1427 217 1489 omnia
231 1425 409 1500 coniungere
422 1424 494 1482 mihi
503 1424 680 1483 destinatum
691 1424 757 1496 init,
769 1443 844 1499 quae
853 1425 921 1482 inde
931 1423 1060 1498 oprimis
1070 1429 1239 1481 renatorum

116 1536 282 1594 litterarum
296 1533 477 1609 temporibus
492 1551 586 1608 usque
605 1533 643 1590 ed
663 1533 738 1591 hanc
758 1541 882 1590 aetatem
896 1532 926 1590 in
939 1531 1038 1589 Plinio
1057 1531 1238 1590 emendando

118 1652 187 1702 sunt
200 1643 350 1717 praestita,
366 1659 455 1714 quam
470 1643 506 1699 ob
521 1658 584 1697 rem
597 1641 651 1698 illa
665 1650 804 1718 excerpta
817 1660 894 1700 nunc
908 1640 970 1699 iere
979 1640 1096 1699 inutilia
1105 1642 1240 1699 omittere

119 1768 179 1808 non
193 1749 346 1820 debebam,
362 1766 430 1806 cum
445 1766 483 1805 ex
498 1750 633 1806 omnibus
647 1750 766 1807 demum
779 1751 898 1809 illorum
918 1750 1048 1808 codicum
1068 1748 1240 1807 lectionibus

119 1875 213 1931 neque
227 1877 266 1914 ex
280 1856 401 1931 singulis
415 1856 503 1913 modo
517 1856 608 1931 paulo
623 1858 729 1916 certius
740 1860 778 1916 de
789 1878 891 1917 eorum
901 1859 995 1934 pretio
1005 1858 1132 1916 iudicare
1141 1857 1240 1916 liceat.

120 1965 232 2038 Quodsi
252 1965 343 2038 igitur
361 1965 485 2023 lectores
504 1964 656 2038 aliquoties
676 1967 808 2025 lemmati
826 1968 914 2025 alieni
931 1964 1084 2037 Pliniano,
1103 1966 1154 2024 ubi
1167 1964 1240 2024 nihil

120 2083 274 2150 praeterea
293 2093 330 2132 ex
349 2074 498 2132 codicibus
519 2081 565 2132 est
585 2076 772 2146 adnotatum,
793 2076 907 2134 codices
921 2075 1043 2134 Barbari
1064 2074 1112 2132 vel
1126 2071 1242 2133 Gelenii

121 2184 265 2242 subiectos
280 2184 420 2242 videbunt
433 2201 501 2241 cum
515 2181 571 2241 hoc
584 2184 649 2259 ipso
659 2183 795 2242 lemmate
812 2185 1026 2260 conspirantes,
1048 2182 1154 2241 horum
1171 2183 1240 2242 scri·

121 2298 240 2367 pturam
251 2292 362 2349 dudum
372 2292 403 2349 in
415 2291 590 2351 editionibus
601 2293 729 2368 vulgatis
740 2311 862 2366 regnare
872 2300 959 2368 atque
970 2292 1070 2350 ameis
1083 2292 1240 2364 codicrbus,

122 2417 197 2472 quos
212 2400 362 2458 nominare
375 2400 496 2475 longum
510 2409 583 2472 erat,
598 2401 765 2459 confirmari
782 2401 957 2474 intelligent.
984 2401 1020 2458 In
1040 2399 1085 2458 his
1104 2418 1174 2459 vero
1193 2417 1242 2458 oo·

122 2507 234 2565 dicibus
261 2507 439 2582 repetendis,
459 2508 577 2582 quando
604 2527 671 2566 cum
694 2509 758 2566 aliis
780 2509 925 2568 codicibus
952 2527 1005 2584 per
1034 2508 1110 2583 sigla
1133 2507 1242 2567 notatis

121 2616 344 2688 conveniebant,
364 2617 442 2674 hunc
462 2634 577 2692 semper
595 2635 706 2675 morem
722 2618 897 2688 servarint
915 2618 982 2676 illos
1002 2617 1047 2676 his
1067 2617 1242 2676 subiicerem

121 2732 151 2782 et
163 2725 282 2784 illorum
296 2726 415 2784 nomina
428 2725 512 2784 uncis
528 2725 731 2784 semirotundis
747 2720 818 2807 (..)
832 2726 1026 2798 includerem,
1046 2745 1084 2784 ne
1097 2725 1242 2802 qnis'ion-

120 2842 202 2892 tasse
220 2854 274 2911 per
294 2836 498 2911 compendium
513 2836 577 2893 cod.
599 2829 634 2914 (i.
655 2853 680 2892 e.
703 2829 810 2914 codex)
832 2835 1013 2893 Parisienses
1039 2835 1152 2895 codices
1174 2835 1242 2894 cod

122 2943 282 3017 significari
295 2950 425 3019 putaret.
448 2943 510 3004 Ubi
522 2944 591 3002 illos
605 2945 718 3003 codices
739 2944 819 3002 solos
839 2943 1006 3016 afferebam,
1027 2962 1119 3003 uncos
1139 2945 1242 3021 appin-

122 3068 192 3124 gere
205 3050 336 3108 nonfuit
349 3052 554 3109 necessarium.

163 3155 248 3215 Hace
265 3155 302 3214 de
322 3156 443 3216 familiis
462 3158 595 3215 codicum
613 3177 771 3234 eorumque
788 3162 865 3219 inter
887 3178 919 3218 se
933 3161 1045 3220 ratione
1057 3160 1211 3235 hucusque
1224 3179 1244 3219 a

121 3281 169 3322 me
189 3264 337 3339 disputata
357 3265 410 3338 qui
429 3265 519 3339 paulo
540 3266 703 3325 accuratius
718 3268 822 3344 legerit
832 3270 915 3328 ultro
928 3270 1083 3346 intelliget,
1098 3288 1244 3345 quaenam

89 3373 171 3448 ,via
200 3373 231 3432 in
259 3372 295 3431 iis
319 3372 434 3430 utendis
461 3372 649 3446 ingredienda
669 3373 774 3447 fuerit,
801 3378 889 3436 simul
915 3396 988 3437 vero
1013 3379 1244 3439 emendationem

121 3477 212 3540 Plinii
223 3501 243 3540 a
256 3480 419 3540 multorum
432 3480 559 3538 aliorum
573 3482 749 3558 scriptorum
770 3486 920 3561 aliquanto
935 3488 1085 3546 diversam
1099 3505 1163 3546 esse
1177 3507 1243 3565 per·

123 3594 256 3663 spectum
269 3588 398 3660 hebebit,
417 3605 478 3663 qua
491 3589 529 3646 de
543 3607 634 3649 eausa
652 3592 741 3650 etiam
763 3595 904 3653 lectorem
925 3596 1082 3656 candidum
1102 3603 1133 3653 et
1151 3598 1242 3657 bene-

123 3696 225 3757 volum
239 3696 289 3773 qui
302 3695 437 3765 editionis
451 3716 533 3756 meae
552 3699 690 3758 volumen
704 3702 835 3777 primum
846 3699 984 3764 'iudicare
998 3707 1080 3778 vult,
1101 3705 1243 3765 volumen

124 3803 258 3876 quintum
278 3804 410 3882 proxime
427 3815 596 3867 secuturum
610 3817 644 3868 ut
657 3817 808 3886 exspectet
823 3823 961 3888 rogatum
975 3815 1055 3874 volo.
1076 3814 1137 3874 Per
1150 3815 1243 3875 Bam-

122 3913 295 3990 bergensem
314 3915 422 3975 scilicet
443 3917 572 3976 codicem
590 3926 738 3994 repertum
759 3920 853 3980 omnis
874 3925 1011 3983 tractatio
1033 3924 1242 3984 critice-Plinii

133 4308 1281 4640 1....-
