2714 4710
611 305 800 350 rutarum.
1213 311 1249 352 IX

125 467 195 524 corr
218 454 249 528 2,
269 452 322 516 39.
341 475 395 532 pro
415 458 537 532 vulgato
558 457 651 518 AUT
668 461 714 521 VI
729 461 817 519 habet
829 471 881 520 aot
895 461 1009 519 duabus
1023 461 1128 520 litteris
1142 480 1195 539 per
1209 463 1249 522 si·

126 543 320 626 militudinem
339 567 470 638 omissis;
492 564 521 640 2,
538 563 589 628 82.
603 587 659 644 pro
673 570 796 644 vulgato
813 570 869 630 OE
873 571 903 629 U
912 572 1002 629 hebet
1014 573 1087 631 caeli
1100 580 1196 630 ortum
1210 589 1249 630 ex

126 678 195 745 celi,·
219 673 250 748 2,
272 672 344 736 173.
365 696 420 753 pro
439 676 561 754 vulgato
587 679 645 736 UT
664 680 848 739 OENTUM
862 679 952 739 habet
969 683 1114 750 viocourt,-
1129 677 1160 754 2,
1175 676 1248 740 202.

126 806 182 862 pro
206 786 346 846 ULTRA
368 788 457 845 habet
473 791 564 855 vitr03
586 783 616 859 2,
632 784 705 847 222.
719 808 775 864 pro
789 783 910 866 tulgato
931 791 998 852 VIS
1009 788 1145 850 IGNEA
1159 791 1251 850 hebet

125 907 159 954 ut
178 898 295 971 riphea,-
314 891 367 968 36,
389 894 440 957 72.
459 916 514 973 pro
529 898 651 972 vulgato
666 898 822 958 Noricum
836 898 868 957 V
882 902 970 959 habet
983 919 1039 958 nort
1054 901 1092 959 L.
1112 899 1249 959 Accura·

126 1007 236 1064 tissime
250 1015 295 1065 est
309 1006 472 1083 descriptus
487 1014 517 1064 et
531 1007 657 1066 collatus
672 1027 739 1067 cum
753 1010 877 1068 editione
890 1008 1015 1067 Broterii
1029 1027 1047 1066 a
1060 1007 1250 1069 Ludovico

125 1117 255 1175 delen
277 1110 323 1196 (v.
342 1115 431 1174 huius
452 1118 611 1176 observatt.
633 1117 708 1176 critt.
727 1119 759 1177 in
779 1117 870 1176 Plinii
883 1119 1012 1176 natural.
1027 1118 1131 1177 histor.
1146 1138 1177 1195 p.
1191 1115 1249 1195 4.),
1327 1123 1336 1137 ‘

125 1233 193 1283 ante
212 1238 300 1301 quem
319 1227 416 1285 virum
435 1227 636 1286 doctissimum
658 1227 718 1284 iem
732 1228 886 1301 aliquoties
901 1228 962 1286 eius
976 1229 1084 1285 mentio
1097 1229 1208 1286 inserta
1220 1235 1252 1286 et

125 1336 239 1409 aliquot
252 1335 392 1394 lectiones
403 1346 556 1413 excerptae
570 1337 697 1409 fuerant,
713 1339 757 1396 uti
771 1357 789 1395 a
802 1338 902 1396 Turre
916 1338 952 1395 de
966 1336 1129 1395 Rezzonioo
1142 1336 1172 1394 in
1186 1337 1250 1395 die·

126 1445 238 1518 quisitt.
257 1443 398 1503 Plinianis
417 1446 459 1504 11.
479 1466 509 1522 p.
533 1442 617 1520 246„
637 1466 656 1505 a
674 1446 817 1506 Bandinio
835 1457 864 1506 et
878 1447 977 1522 Zoega
989 1448 1021 1505 in
1036 1437 1174 1522 operibus
1189 1446 1251 1505 suis

125 1553 163 1610 de
187 1553 333 1624 obeliscis,
358 1572 378 1610 a
402 1552 573 1614 Thierschio
603 1557 633 1612 in
661 1558 827 1616 Konetblatt
854 1577 919 1614 zum
946 1559 1136 1632 Morqenblott
1157 1553 1250 1617 1827.

126 1681 173 1720 nr.
193 1658 257 1733 22.,
278 1681 296 1719 a
314 1662 429 1721 Frider.
446 1662 566 1722 Osanno
579 1665 610 1722 in
624 1666 726 1722 eodem
740 1665 833 1723 diario
849 1661 942 1723 1831.
958 1683 1002 1721 nr.
1020 1660 1157 1747 69-70.
1172 1666 1252 1724 etde

125 1771 228 1829 tebula
248 1777 423 1846 patronatus
442 1773 550 1830 Latina
569 1793 600 1848 p.
616 1769 667 1831 22.
691 1770 828 1831 Ceterum
842 1773 916 1830 liber
930 1792 1039 1848 magna
1053 1791 1091 1830 ex
1105 1783 1191 1851 parte
1204 1782 1252 1833 est

126 1880 259 1953 mutilus,
281 1888 316 1939 ut
336 1883 386 1956 qui
403 1901 462 1940 non
483 1881 590 1940 habeat
607 1878 656 1940 12.
673 1876 873 1955 §tt-102„
891 1878 939 1942 13.
956 1887 971 1952 ξ
986 1879 1038 1943 89.
1053 1900 1148 1957 usque
1161 1885 1200 1942 ed
1213 1883 1251 1942 fi-

126 2008 193 2050 nem
212 1990 279 2048 libri
297 1992 440 2066 vigesimi,
456 1988 508 2077 22.
524 1995 539 2061 5
556 1985 711 2050 145-25.
735 1986 838 2063 530„r
851 2010 909 2067 quo
927 1993 992 2068 ipso
1010 1992 1041 2049 in
1056 1992 1135 2053 libro
1155 1995 1251 2053 denuo

126 2099 296 2158 exciderunt
310 2104 341 2170 ἕξ
352 2097 488 2159 37-42.
507 2101 586 2160 Tum
596 2101 798 2160 desiderantur
809 2097 860 2159 26.
873 2096 1058 2170 §132-27.
1071 2104 1086 2170 5
1099 2097 1149 2160 19.
1160 2110 1190 2160 et
1198 2097 1251 2162 35.

127 2211 143 2276 §
159 2203 337 2268 191-196.
358 2218 387 2268 et
406 2210 511 2268 desinit
528 2212 558 2269 in
579 2211 675 2270 verbis
695 2214 797 2270 medici
812 2221 905 2270 autem
920 2230 955 2290 ea·
969 2213 1095 2274 basanite
1109 2206 1161 2283 36,
1178 2207 1251 2271 157.

126 2316 255 2375 Tantam
274 2337 345 2376 vero
365 2319 450 2376 huius
468 2320 575 2378 codicis
590 2329 702 2395 partem
716 2321 838 2395 periisse
852 2338 887 2378 eo
901 2321 993 2396 magis
1008 2321 1177 2392 dolendum,
1192 2337 1252 2394 quo

123 2427 239 2485 maiore
256 2427 323 2485 iure
343 2445 411 2485 eum
430 2429 545 2504 optimis
565 2428 649 2487 libris
664 2429 915 2487 adnumerandum
930 2447 994 2487 esse
1009 2446 1109 2486 omnes
1124 2445 1251 2488 consen·

124 2536 213 2594 tiunt.
235 2536 372 2594 Eundem
385 2539 474 2596 habet
487 2537 597 2596 iontem
612 2556 699 2613 quem
712 2537 891 2609 Vossianus3
913 2539 944 2596 id
972 2538 1172 2597 demonstrant
1186 2556 1252 2598 eum

122 2644 293 2704 innumerae
327 2647 483 2706 varietates
502 2649 664 2724 scripturae
680 2650 814 2723 utrisque
831 2667 1007 2721 communes,
1026 2666 1084 2723 quo
1102 2648 1254 2710 referenda

122 2754 179 2813 illa
201 2754 389 2831 interpolatio
413 2760 532 2817 clemens
557 2753 608 2829 33,
632 2752 716 2830 145,
740 2767 804 2816 tum
821 2759 1004 2834 repetitiones
1027 2758 1096 2816 libri
1113 2756 1254 2834 trigesimi

123 2862 222 2939 primi,
244 2864 375 2936 secundi,
396 2866 474 2924 tertii
494 2865 524 2923 in
542 2866 594 2925 illo
614 2867 711 2925 codice
731 2875 860 2938 notatae,
881 2885 954 2940 quas
971 2869 1003 2925 in
1019 2868 1114 2926 codice
1128 2866 1251 2926 Riocar·

122 2973 214 3032 diano
234 2974 333 3032 littera
354 2966 380 3031 Ω
402 2976 573 3052 significavi.
596 2973 655 3034 Sed
670 2977 728 3035 alia
743 2994 859 3050 quoque
872 2975 1052 3051 perturbatio
1068 2975 1206 3034 foliorum
1220 2979 1252 3034 in

124 3082 225 3141 codice
245 3084 275 3142 R
292 3093 400 3156 exstat,
421 3103 490 3144 cum
508 3087 600 3144 verbo
618 3075 856 3160 Anacimassndri
873 3083 970 3141 media
989 3083 1102 3141 inserta
1114 3084 1252 3158 legantur

123 3208 202 3266 quae
216 3194 402 3252 continentur
415 3191 446 3252 4.
462 3199 477 3265 5
494 3191 608 3254 67-5.
624 3190 704 3272 534.
735 3192 810 3252 Orta
823 3202 868 3251 est
881 3193 956 3251 haec
969 3193 1057 3250 etiam
1071 3195 1159 3252 turba
1173 3211 1189 3250 e
1203 3193 1250 3251 fo-

123 3300 174 3360 liis
200 3303 306 3362 codicis
327 3304 478 3382 archetypi
498 3305 576 3362 male
596 3305 702 3380 ligatis.
728 3301 868 3361 Ceterum
887 3303 1025 3361 librarius
1044 3303 1150 3362 codicis
1170 3301 1199 3360 R
1218 3303 1250 3361 in

123 3409 204 3469 vitiis
223 3415 384 3490 scripturae
398 3416 514 3490 turpius
529 3415 614 3472 etiam
629 3412 730 3490 lapsus
745 3421 799 3485 est,
824 3429 912 3486 quam
927 3413 977 3486 qui
991 3413 1119 3472 codicem
1133 3403 1165 3471 7
1179 3431 1249 3471 exa·

120 3522 220 3592 ravit3
240 3541 299 3596 qua
317 3543 350 3582 re
368 3526 551 3600 deprehensa
569 3525 633 3600 ipse
651 3523 791 3581 librarius
814 3522 980 3597 exemplum
1001 3541 1087 3589 tuum
1102 3524 1198 3581 denuo
1212 3523 1250 3581 ad
1351 3523 1353 3525 ’

121 3632 317 3709 archetypum
336 3636 434 3710 exegit
453 3642 482 3692 et
495 3635 639 3692 veriorem
653 3635 828 3710 plerumque
846 3633 936 3690 huius
951 3633 1127 3708 scripturam
1141 3632 1186 3689 illi
1200 3649 1249 3690 su·

120 3742 302 3817 prescripsit,
318 3745 425 3818 quibus
440 3744 665 3803 correctionibus
679 3743 789 3802 addidit
802 3743 941 3801 lectiones
952 3740 1109 3798 nonnullas
1121 3742 1153 3799 in
1168 3742 1249 3800 eodi-

120 3851 166 3908 cis
180 3851 331 3930 archetypi
345 3854 526 3928 marginibus
547 3856 692 3926 inventas,
712 3854 819 3927 quibus
837 3852 964 3910 lectores
985 3851 1032 3908 sui
1051 3850 1118 3909 hbri
1131 3850 1249 3909 defrau-

120 3961 197 4018 dare
211 3961 316 4020 noluit.
331 3961 424 4021 Cuius
440 3964 596 4034 secundae,
612 3964 665 4020 sed
681 3962 811 4020 eiusdem
826 3962 936 4019 veteris
950 3979 1055 4019 manus
1069 3961 1250 4037 praestantia

120 4069 228 4128 multis
241 4071 312 4130 locis
326 4073 483 4149 perspicue
498 4072 637 4142 cernitur,
653 4071 736 4129 nullo
757 4069 863 4130 clarius
878 4090 968 4147 quam
988 4068 1019 4144 2,
1044 4067 1126 4142 180.,
1146 4073 1198 4130 ubi
1213 4088 1249 4128 ea

121 4180 192 4239 sola
211 4199 313 4240 veram
332 4181 422 4241 Plinii
440 4200 560 4241 manum
579 4182 710 4240 Arietem
730 4183 874 4253 servavit,
902 4199 1082 4257 quamquam
1099 4182 1247 4240 interdum
