2714 4710
118 290 137 351 6
464 304 668 352 rnrunanrs
691 283 886 351 nrs'ronmn

116 455 205 532 nolu,
237 453 366 518 Iunium
393 452 542 545 Congum
568 457 673 523 vulo.''
724 454 822 536 Quod
849 454 877 518 si
902 454 962 519 hoc
988 453 1151 533 Lucilius,
1179 457 1263 539 quis

115 563 238 648 primus
260 562 403 628 condidit
423 563 488 628 stili
508 586 633 641 nasum,
656 563 828 629 dicendum
842 562 903 629 sibi
916 563 1053 648 putavit,
1077 560 1236 629 siCicero

115 657 336 750 mutuandum,
358 673 546 762 praesertim
568 688 643 737 cum
663 673 703 737 de
723 671 904 758 republica
925 671 1089 751 scriberet,
1112 681 1235 756 quanto

33 762 36 767 ¹
115 803 174 847 nos
196 770 357 846 causatius
377 781 424 848 ab
452 782 558 864 aliquo
584 781 691 847 iudice
713 781 935 846 detendimus?
980 778 1048 847 Sed
1068 780 1150 847 haec
1171 804 1234 871 ego

114 888 192 955 mihi
212 911 298 954 nunc
312 890 490 974 patrocinia
503 891 609 956 ademi
623 890 871 977 nuncupatione,
895 889 1047 973 quoniam
1059 891 1235 976 plurimum

114 997 216 1064 refert
241 999 392 1063 sortiatur
418 1000 533 1083 aliquis
559 999 699 1066 iudicem
725 1022 766 1065 an
793 1000 891 1087 eligat
911 999 1111 1083 multumque
1132 1000 1234 1086 adpa÷

114 1117 203 1172 ratus
228 1107 362 1173 interest
388 1108 476 1194 apud
501 1108 672 1172 invitatum
698 1108 858 1194 hospitem
885 1118 919 1174 et
950 1108 1103 1174 oblatum.
1149 1106 1262 1174 Cuma

114 1216 202 1302 apud
229 1213 386 1283 Catonem
411 1219 502 1284 illum
528 1218 666 1283 ambitus
698 1219 822 1284 hostem
849 1228 882 1282 et
907 1218 1044 1304 repulsis
1070 1227 1235 1302 tamquam

60 1309 64 1328 ⁸
114 1326 288 1391 honoribus
314 1329 433 1413 ineptis
460 1328 655 1416 gaudentem
680 1327 889 1415 flagrantibus
917 1328 1054 1393 comitiis
1080 1327 1234 1413 pecunias

59 1464 63 1469 ·
115 1437 311 1523 deponerent
332 1437 503 1516 candidati,
525 1437 587 1501 ho‘c
609 1458 644 1501 se
666 1436 773 1501 facere
795 1436 883 1519 quod
898 1447 966 1500 tum
978 1458 1039 1522 pro
1053 1436 1235 1501 innocentia

113 1546 219 1641 rebus„
237 1546 383 1611 humanis
410 1569 569 1610 summum
596 1549 682 1609 esset
707 1545 947 1631 profitebantur.
991 1544 1071 1610 Inde
1097 1544 1153 1610 illa
1172 1566 1233 1609 no·

113 1632 446 1722 bilis'Ml‘diceronis
468 1652 654 1740 suspiratio:
677 1676 697 1718 o
720 1664 752 1719 te
774 1655 911 1732 felicem,
933 1653 981 1719 M.
997 1653 1104 1733 Porci,
1127 1675 1147 1717 a
1168 1675 1233 1737 quo

113 1788 182 1829 rem
203 1766 371 1850 inprobam
391 1775 502 1851 petere
524 1785 619 1829 nemo
640 1763 751 1829 audetl
786 1760 870 1828 Cum
892 1763 1035 1828 tribunos
1057 1763 1234 1848 appellaret
1246 1783 1277 1829 10

113 1872 154 1938 L.
179 1871 289 1958 Scipio
310 1872 486 1949 Asiaticus,
514 1874 599 1937 inter
621 1894 701 1956 quos
724 1882 793 1937 erat
814 1870 992 1952 Gracchus,
1014 1872 1077 1938 hcc
1098 1881 1232 1983 ‘istim’

113 1981 208 2047 batm
229 1982 281 2083 vel
301 1982 430 2048 inimico
456 1982 554 2046 iudici
582 2003 616 2045 se
643 1982 772 2066 probari
798 2003 903 2067 posse.
947 1980 1044 2047 'Adeo
1072 2002 1233 2066 summum

147 2235 251 2286 Iunium
271 2231 390 2300 Oonpum,
412 2227 523 2286 aded
541 2229 680 2296 (Murbac.)
703 2231 806 2283 Iunium
827 2231 948 2299 Conpium
969 2244 1014 2286 aut
1029 2234 1149 2286 Laelium
1169 2234 1233 2287 Oan-

113 2321 194 2370 prnm,
212 2307 285 2355 cedd.
297 2304 411 2355 Barbari.
434 2301 537 2351 nimium
549 2317 619 2365 coqu,
636 2317 663 2367 η.
682 2299 778 2350 iunium
792 2301 889 2366 cotipir',
905 2299 929 2352 l.
954 2303 1057 2353 nimium
1069 2303 1190 2370 continpi,
1201 2306 1232 2357 P.

113 2370 233 2488 Lepeiium
244 2370 383 2433 Decimum,
394 2371 485 2422 Ambr.
498 2372 519 2420 Ι.
532 2369 635 2431 Ugolet.
648 2371 745 2419 Iovian.
754 2364 783 2431 β.
795 2367 915 2420 Laelium
927 2367 1055 2436 Conpium,
1063 2372 1190 2423 Pertusat.
1202 2411 1231 2421 ..
1267 2416 1271 2423 ,

114 2456 172 2491 vno
193 2440 288 2489 omittit
298 2440 329 2489 P.

148 2476 213 2567 §lii
233 2505 318 2570 prius,
335 2507 366 2556 Τ.
385 2506 513 2557 Omittunt
529 2499 575 2570 ηλ.
590 2544 616 2552 -
635 2519 740 2564 nacam3
761 2512 821 2566 post
837 2505 905 2554 hanc
920 2521 1011 2555 vocem
1028 2506 1142 2557 inserunt
1158 2507 1235 2557 verba

115 2573 194 2637 quasi
205 2573 350 2623 abusionem
363 2582 387 2621 et
396 2572 607 2635 vituperationem
612 2588 622 2631 ,·
631 2571 730 2635 primus
743 2572 807 2620 enim
817 2572 952 2622 satiricum
961 2589 1060 2621 carmen
1071 2572 1234 2638 conseripsit,

115 2641 142 2689 in
156 2655 204 2703 quo
216 2640 304 2702 utique
316 2638 472 2702 vituperatio
485 2639 686 2701 uniuscuiusque
698 2638 847 2688 continetur.
865 2637 966 2688 Nasum
978 2649 1061 2690 autem
1074 2638 1150 2702 dixit,
1164 2638 1234 2704 quod

115 2704 315 2770 vituperationis
333 2706 432 2770 sipnum
450 2703 491 2753 uel
507 2705 614 2754 manime
626 2722 690 2754 naso
703 2704 885 2755 declarandum
902 2701 1083 2774 adePLlpi
1096 2723 1155 2757 cum
1165 2723 1232 2758 non·

114 2775 192 2825 nullis
205 2774 342 2837 scripturae
354 2774 534 2835 (increpandis,
548 2789 610 2835 quas
622 2775 762 2824 adscribere
770 2775 878 2837 longum
887 2783 947 2825 erat.
960 2813 989 2823 ..
1004 2773 1145 2836 dicendum,
1157 2777 1234 2825 omit

114 2843 146 2893 tit
157 2844 189 2893 T.
199 2881 229 2890 -
244 2839 277 2903 si,
290 2841 411 2891 omittunt
421 2834 545 2891 dePA
574 2836 597 2890 i.
615 2843 647 2891 In
659 2858 674 2891 a
686 2843 781 2891 addidit
792 2857 883 2892 manus
894 2843 1027 2892 recentior.
1039 2883 1067 2892 ..
1080 2858 1108 2890 re
1117 2841 1234 2906 prescri-

116 2910 192 2972 beret,
201 2910 232 2960 Τ.
247 2949 276 2957 ..
292 2908 434 2970 causatius,
443 2901 527 2958 abad
550 2857 576 2958 l.
591 2907 746 2968 excusatius,
757 2910 787 2958 T.
801 2909 1022 2971 connumeramus
1031 2911 1137 2973 probab.
1147 2910 1234 2960 crite.

114 2979 145 3028 P.
168 3017 197 3027 ..
220 2973 385 3042 defendimus,
405 2978 498 3027 ade.
526 2924 695 3042 defendimur,
712 2970 848 3042 PKrtql
866 2975 969 3040 (Ambr.
981 2979 1002 3028 Ι.
1013 2979 1049 3028 H.
1066 2977 1196 3027 vallicell.
1209 2984 1235 3027 et

114 3046 200 3110 plures
212 3042 277 3106 alii.)
290 3042 442 3109 diffidimus,
454 3046 551 3095 Ionian.
563 3045 667 3106 Ug'olet.
679 3039 708 3106 β.
719 3083 748 3092 -
761 3060 844 3106 quam,
855 3038 879 3093 λ.
891 3084 918 3092 -
930 3043 1050 3108 plurium,
1061 3046 1092 3095 P.
1105 3084 1132 3093 -
1146 3060 1174 3093 re
1187 3052 1233 3107 ert,

115 3106 342 3179 abdrTPdei
361 3110 463 3176 (Ambr.
479 3114 501 3163 Ι.
519 3114 554 3162 Π.
576 3113 680 3175 Ugclet.
697 3108 809 3173 Iovian.)
828 3110 942 3173 intereat,
958 3109 987 3174 β.
998 3152 1030 3172 ,-
1046 3127 1089 3172 an,
1107 3112 1151 3163 dP
1184 3106 1232 3179 qt.

116 3178 189 3241 inne,
201 3182 247 3231 ab.
258 3220 287 3228 ..
299 3178 370 3242 apud
381 3189 490 3229 mutuum
503 3178 632 3243 hospitem,
645 3173 673 3229 Δ.

150 3245 202 3308 §9-
221 3244 294 3307 iliud,
311 3248 358 3296 bd.
376 3248 435 3296 Vid,
454 3247 533 3296 Cicer.
553 3247 584 3306 Q.
602 3249 671 3297 Frat.
688 3249 723 3297 11.
743 3248 804 3308 15b,
822 3253 846 3296 4.
864 3245 920 3296 An.
932 3246 980 3297 IV.
1000 3251 1040 3308 15,
1054 3249 1077 3298 t.
1099 3246 1233 3297 Plutarch.

116 3312 172 3364 Ost.
189 3314 251 3362 min.
269 3318 310 3361 44.
324 3352 354 3360 ..
369 3311 471 3376 ineptis,
488 3307 675 3380 adePApi.
694 3314 819 3378 inemptis,
836 3315 870 3375 K,
888 3317 959 3378 quod
974 3314 1084 3377 praefert
1094 3315 1172 3364 Ianus
1184 3314 1202 3364 l.
1214 3314 1233 3364 1.

115 3394 142 3444 p.
154 3385 212 3429 454.
231 3377 351 3442 indepta,
363 3380 467 3442 Ugolet.
478 3380 576 3429 Ionian.
595 3388 620 3429 et
632 3382 676 3430 alli
688 3396 728 3445 ap.
741 3383 912 3432 Rezaonicam
922 3377 952 3442 β.
971 3383 1132 3445 „Tamquam
1148 3383 1234 3431 hono-

115 3462 155 3498 res
168 3454 193 3496 et
203 3446 365 3508 magistratus
376 3447 455 3510 inepti
468 3453 552 3494 essent
563 3454 588 3495 et
600 3450 802 3499 contemnendi.”
815 3451 956 3499 Tnmebus,
968 3449 1072 3500 Retinui
1083 3451 1234 3513 scripturam

115 3514 285 3579 plurimorum
296 3527 435 3576 eorumque
447 3514 602 3576 optimorum
615 3517 696 3577 codd,
706 3530 861 3579 quamquam
872 3516 899 3566 in
909 3518 1116 3580 interpretatione
1121 3516 1234 3567 'lm-nebi

115 3589 220 3646 propter
236 3581 433 3631 collocationem
448 3581 582 3630 verborum
594 3583 695 3632 molesti
707 3584 803 3646 aliquid
814 3585 892 3647 inest;
910 3585 1042 3649 pauciores
1059 3593 1085 3634 et
1097 3585 1233 3634 deteriores

116 3652 190 3701 codd.
208 3651 235 3700 h.
252 3649 271 3698 l.
288 3663 375 3698 veram
391 3649 539 3712 scripturam
553 3647 665 3713 indeptis
682 3652 814 3701 retinuisse
827 3653 951 3701 videntur.
964 3651 1071 3713 meritis,
1083 3653 1232 3703 Rhenanus.

117 3756 149 3766 ..
162 3715 293 3780 deponere,
305 3733 328 3765 a.
342 3714 443 3779 depone,
456 3718 479 3765 d.
494 3754 523 3762 ..
535 3715 638 3778 fecisse,
650 3717 753 3781 Ugolet.
765 3721 863 3769 Ionian.
880 3760 907 3768 -
924 3717 992 3782 quod
1004 3728 1062 3782 tum,
1074 3713 1233 3785 abdant?

116 3779 257 3846 (numae.)
271 3781 412 3845 quodcum,
429 3785 460 3833 T.
473 3780 660 3849 omittuntur.
675 3825 704 3835 ..
715 3802 764 3850 per
776 3785 953 3849 innocentiam,
964 3788 995 3837 P.
1009 3825 1038 3835 ..
1052 3787 1128 3844 rebus
1146 3784 1232 3836 iuma-

117 3850 166 3912 nr's‚
183 3845 319 3916 dePpi
332 3847 472 3914 (Murbac.)
489 3853 561 3902 Idem
577 3853 655 3903 habet
671 3869 695 3915 a,
712 3856 756 3904 sed
773 3869 830 3903 cum
848 3857 955 3904 duarum
971 3854 1078 3903 triumve
1091 3846 1232 3904 litterarum

116 3918 199 3982 spatio
217 3925 277 3968 ante
292 3919 403 3982 priorem
418 3933 516 3969 vocem.
540 3935 623 3969 remus
640 3918 763 3984 inmanis,
781 3915 809 3971 Δ.
824 3920 892 3985 qnod
907 3919 934 3968 in
947 3921 1023 3970 rebus
1035 3919 1162 3982 inmanis,
1178 3917 1231 3986 βγ.

118 3982 186 4048 quad
197 3993 248 4035 tum
256 3984 349 4034 Porcio
361 3985 507 4036 innocentia
519 3987 594 4036 rebus
607 3985 724 4037 inmanis
736 4005 831 4037 summa
843 3987 945 4050 inesset,
956 3991 1105 4040 Rhenanus.
1117 4029 1144 4038 ..
1158 3996 1232 4049 essm,

117 4045 186 4102 aPA
198 4049 338 4116 (Murbac.)
355 4069 423 4114 esse,
440 4050 560 4119 depi.
580 4094 609 4104 ..
629 4054 731 4116 nobilis,
744 4057 838 4107 omittit
849 4058 879 4106 P.
896 4095 920 4106 -
938 4055 1089 4120 suspicatio,
1106 4071 1133 4122 η.
1156 4095 1183 4105 -
1201 4063 1232 4117 te,

117 4112 234 4186 abddp.
248 4136 306 4182 rem,
318 4117 369 4171 Pl.
385 4161 411 4170 ..
426 4120 513 4185 parlii,
525 4124 555 4171 P.
571 4163 598 4170 -
613 4121 732 4184 audebat,
744 4126 774 4174 P.

151 4185 166 4247 δ
180 4193 220 4237 10.
239 4185 389 4252 appellaret,
401 4191 450 4240 vid.
462 4191 518 4239 Liv.
531 4196 572 4251 38,
586 4194 626 4240 57.
643 4191 730 4240 Vslcr.
742 4193 813 4241 Max.
822 4193 869 4243 IV.
884 4198 906 4253 l,
920 4199 943 4243 8.
957 4233 984 4241 -
1000 4192 1153 4254 testabatur,
1166 4206 1191 4257 η.
1201 4229 1229 4238 ..

118 4252 167 4317 uel,
178 4249 277 4321 ΡΔηλ.
291 4271 318 4304 se
331 4254 379 4319 vel,
397 4252 519 4318 adest.
534 4298 562 4306 ..
577 4257 659 4318 unico,
671 4273 696 4323 η.
713 4298 738 4306 -
754 4275 781 4306 ae
790 4259 902 4323 probari
909 4275 993 4324 passe,
1010 4254 1104 4326 aper.
1116 4275 1144 4307 se
1153 4273 1230 4324 posse
