2714 4710
319 293 389 341 arn.
404 295 442 341 11.
472 294 550 341 cnr.
566 294 795 342 axv-nxvn.
825 294 921 343 sacr.
938 299 1027 342 6-6.
1167 280 1227 344 169

112 443 235 507 umoris
256 443 304 507 vis
327 455 467 528 superet.
499 443 596 509 quta
618 467 694 510 vero
715 445 755 510 ab
776 456 849 509 ortu
872 469 912 511 ex
933 445 1044 510 Indico
1065 447 1145 510 mari
1167 447 1228 511 sub

114 544 228 609 eodem
257 543 362 608 sidere
389 566 465 629 pars
488 554 554 608 tota
581 566 718 629 vergens
739 547 773 608 in
796 543 949 630 Caspium
971 568 1059 611 mare
1080 547 1227 632 pernavi-

113 653 191 728 gata
212 652 261 709 est
274 640 490 713 Macedonum
512 645 618 723 armis,
642 642 779 710 Seleuco
797 657 893 730 atque
907 645 1068 711 Antiocho
1089 667 1230 732 regnan·

115 742 202 807 tibus
235 744 291 827 qui
328 753 361 808 et
395 741 567 809 Seleucida
599 755 631 809 et
663 743 858 810 Antiochida
890 744 930 810 ab
963 746 1043 830 ipsis
1076 747 1231 832 appellari

113 844 255 908 voluere.
291 841 336 907 Et
369 843 455 907 circa
483 841 637 929 Caspium
666 845 766 909 multa
795 846 905 910 oceani
934 846 1027 910 litora
1054 849 1229 941 explorata,
1246 864 1294 910 166

113 962 279 1026 parvoque
300 940 430 1007 brevius
452 965 548 1026 quam
571 954 656 1009 totus
676 944 751 1012 hinc
773 957 829 1009 aut
854 946 941 1011 illinc
963 948 1137 1032 septentrio
1160 969 1231 1027 ere-

112 1042 266 1128 rnigatus.
289 1040 337 1107 Ut
358 1052 466 1107 tamen
487 1043 687 1110 coniecturae
707 1045 812 1109 locum
835 1046 881 1109 sic
902 1067 1029 1130 quoque
1050 1069 1114 1111 non
1134 1047 1231 1112 relin-

115 1152 209 1226 quat,
239 1143 352 1228 ingens
374 1154 598 1228 argumentum
619 1145 745 1231 paludis
766 1143 963 1223 Maeoticae,
990 1146 1058 1212 sive
1084 1168 1123 1212 ea
1146 1147 1232 1212 illius

114 1243 228 1308 oceani
250 1245 339 1308 sinus
361 1253 427 1321 est,
450 1254 486 1308 ut
506 1244 623 1310 multos
645 1244 776 1311 adverto
799 1245 983 1325 credidisse,
1007 1247 1074 1312 sive
1095 1257 1232 1334 angusto

114 1344 247 1409 discreti
270 1344 334 1408 situ
354 1344 560 1430 restagnatio.
595 1344 672 1410 Alio
692 1345 792 1411 latere
814 1342 956 1410 Gadium
978 1347 1020 1412 ab
1042 1346 1154 1411 eodem
1176 1367 1231 1411 oc-

115 1443 243 1509 cidente
264 1466 382 1530 magna
401 1465 478 1528 pars
498 1443 666 1508 meridiani
688 1445 777 1509 sinus
798 1445 921 1511 ambitu
934 1445 1157 1511 Mauretaniae
1171 1470 1230 1510 na·

113 1543 247 1631 rigatur
266 1542 373 1609 hodie.
408 1541 567 1607 Maiorem
591 1544 721 1628 quidem
742 1545 810 1609 eius
831 1556 956 1630 partem
977 1556 1009 1610 et
1030 1546 1161 1610 orientis
1183 1547 1232 1609 vi-

115 1644 236 1710 ctoriae
249 1643 359 1730 magni
372 1643 551 1708 Alexandri
563 1644 741 1731 lustravere
755 1665 858 1726 usque
872 1644 906 1707 in
919 1644 1095 1709 Arabicum
1118 1647 1232 1723 sinum,

115 1744 149 1809 in
176 1765 241 1828 quo
268 1764 321 1806 res
346 1752 479 1829 gerente
502 1741 540 1806 C.
564 1732 703 1808 Caesare
724 1743 868 1830 Augusti
892 1744 958 1809 filio
985 1745 1077 1830 signa
1104 1745 1234 1808 navium

117 1864 159 1908 ex
173 1842 443 1929 Hispaniensibus
461 1830 640 1930 naufragiis
654 1843 802 1908 feruntur
815 1844 933 1930 agnita.
960 1842 1005 1906 Et
1018 1843 1136 1909 Hanno
1151 1840 1233 1908 Car·
1249 1861 1297 1906 ros

115 1942 255 2028 thaginis
280 1944 424 2027 potentia
449 1941 582 2008 florente
608 1943 840 2008 circumvectus
862 1966 881 2007 a
904 1940 1052 2012 Gadibus
1073 1943 1116 2007 ad
1136 1944 1234 2008 finem

115 2041 258 2106 Arabiae
280 2043 518 2129 navigationem
540 2066 611 2108 eam
631 2043 772 2128 prodidit
794 2044 932 2127 scripto,
954 2044 1037 2108 sieut
1059 2044 1101 2107 ad
1123 2054 1234 2108 extera

114 2140 267 2226 Europae
287 2143 450 2208 noscenda
464 2143 581 2208 missus
596 2143 708 2208 eodem
723 2153 865 2228 tempore
879 2143 1031 2210 Himilco.
1060 2141 1234 2209 Praeterea

115 2239 228 2327 Nepos
250 2239 419 2307 Cornelius
445 2253 557 2308 auctor
584 2252 635 2306 est
655 2242 827 2306 Eudoxum
854 2243 1014 2327 quendam
1039 2265 1097 2307 sua
1118 2254 1233 2322 aetate,

115 2362 190 2406 oum
203 2340 385 2425 Lathyrum
405 2364 515 2430 regem
531 2342 669 2428 fugeret,
691 2340 833 2406 Arabico
856 2342 928 2405 sinu
950 2362 1115 2428 egressum
1131 2339 1234 2407 Gadis

115 2461 221 2524 usque
241 2451 439 2527 pervectum,
461 2442 627 2525 multoque
648 2449 723 2505 ante
745 2461 818 2504 eum
838 2438 969 2508 Caelius
989 2440 1162 2527 Antipater
1183 2443 1234 2507 vi-

117 2540 206 2605 disse
228 2562 273 2618 se,
296 2542 352 2624 qui
372 2542 557 2628 navigasset
578 2562 618 2606 ex
632 2540 792 2626 Hispania
806 2541 840 2605 in
854 2541 1060 2628 Aethiopiam
1074 2543 1232 2609 conmerci

114 2639 229 2727 gratia.
262 2637 355 2704 Idem
373 2639 484 2727 Nepos
511 2641 551 2706 de
575 2641 814 2727 septentrionali
835 2641 970 2707 circuitu
991 2642 1089 2707 tradit
1111 2641 1233 2723 Quinto
1249 2658 1298 2706 170

113 2738 249 2806 Metello
277 2738 384 2804 Celeri
409 2739 450 2805 L.
479 2740 597 2806 Afrani
628 2743 662 2806 in
694 2743 860 2807 consulatu
893 2741 1045 2829 conlegae
1074 2742 1132 2807 sed
1165 2753 1234 2806 tum

115 2946 176 3006 rita,
188 2944 240 2994 Ra.
258 2946 393 3008 aimaro.
406 2947 463 2999 Om.
476 2949 502 3000 S.
523 2990 553 2998 ..
576 2947 733 3014 reclamatio,
750 2963 773 2997 a
798 2947 826 2997 si
843 2947 952 3009 apuam,
968 2946 1000 2995 R.
1027 2954 1065 2996 est
1081 2946 1193 3009 aquatio,
1210 2951 1233 2996 d.

114 3012 246 3075 stupentia,
258 3013 289 3062 Τ.
309 3053 341 3061 ..
358 3014 425 3076 situs,
437 3015 483 3064 R'.
502 3057 533 3064 -
552 3015 650 3074 ambitu,
662 3033 685 3065 a.
699 3012 807 3072 ambitus,
819 3012 901 3062 RTd.
920 3052 951 3059 -
970 3009 1031 3071 odie,
1043 3011 1076 3060 R.
1094 3051 1126 3058 ..
1144 3012 1234 3061 lustra·

114 3093 172 3128 uere
183 3093 242 3126 curn
257 3081 289 3128 de
304 3081 415 3130 victoriis
432 3089 524 3131 terram
535 3083 647 3144 aliquam
659 3080 828 3144 aperientibus
841 3086 865 3127 et
880 3079 1008 3127 notiorem
1018 3077 1179 3127 reddentibus
1190 3080 1235 3128 vix

113 3144 164 3194 dici
170 3145 259 3207 possit,
268 3153 297 3195 ut
306 3146 376 3196 cuius
385 3149 454 3196 verbi
467 3150 505 3198 vis
513 3148 616 3211 propria
624 3149 656 3198 sit
665 3146 780 3205 adeundi,
789 3145 956 3208 percurrendi,
966 3145 1118 3205 transeundi,
1123 3145 1235 3194 Plinium

113 3211 125 3260 i
126 3228 143 3260 n
148 3208 291 3261 lustravisse
300 3213 417 3263 existimo
422 3216 556 3277 scripsisse,
566 3228 632 3277 quae
640 3213 794 3277 praepositio
804 3211 925 3261 facillime
932 3211 1023 3261 ultima
1032 3212 1116 3261 littera
1124 3213 1234 3275 proximi

112 3279 225 3327 nominis
250 3280 378 3329 absorberi
401 3282 492 3342 potuit.
528 3281 647 3332 Ceterum
663 3287 745 3329 totum
766 3280 835 3328 hunc
854 3279 942 3328 locum
962 3280 1095 3342 exscripsit
1114 3280 1233 3329 Martian.

113 3344 178 3406 Cap.
191 3350 215 3405 6,
228 3350 285 3395 621.
304 3385 335 3394 ..
354 3345 891 3410 69661636.-Ο.,Β’6.Οωὶι6Β“Τᾶ.
910 3386 941 3394 -
963 3344 1173 3410 Hispaniemiam,
1184 3346 1233 3395 13².

111 3411 323 3474 Hispaniarum,
335 3428 358 3461 a.
377 3452 409 3461 ..
428 3414 514 3478 aquira,
525 3414 550 3463 R
562 3413 587 3476 (e
599 3429 632 3463 ex
644 3410 720 3475 corr.)

145 3475 233 3536 §loa
256 3478 429 3540 circumvectis,
446 3495 469 3529 σ.
492 3482 618 3541 circumve,
634 3480 678 3530 ΒΕ
703 3521 734 3529 -
756 3479 865 3541 demere,
887 3481 924 3529 d'.
942 3480 1059 3540 duanam
1075 3479 1180 3528 Robert.
1200 3519 1231 3526 -

110 3544 224 3608 Europa,
236 3544 280 3591 R'.
300 3585 332 3592 -
350 3547 504 3609 noscendam,
520 3548 623 3597 Robert.
643 3587 673 3596 ..
692 3545 786 3609 Nepos,
797 3546 913 3609 fragmm.
925 3562 950 3610 p.
963 3552 1022 3596 668.
1034 3547 1112 3596 Heus.
1132 3585 1162 3593 -
1181 3543 1233 3594 Ε6-

111 3609 248 3671 documii.
260 3608 458 3672 Rarissimam.
471 3612 619 3676 Eudamum,
632 3616 668 3664 db
681 3614 823 3676 Exscripsit
830 3614 929 3664 Plinius
941 3614 967 3662 h.
980 3614 998 3660 l.
1009 3612 1158 3661 MelamIlI.
1171 3616 1195 3670 9,
1208 3617 1232 3661 6.

112 3717 144 3727 ..
181 3677 294 3738 cendam,
306 3676 406 3726 Re²d².
425 3681 553 3742 quadam,
567 3683 602 3730 at
626 3670 754 3748 pessuium,
772 3681 810 3729 (1¹.
829 3720 861 3729 ..
878 3676 1024 3744 Lathyrum,
1041 3679 1085 3727 ad.
1107 3677 1233 3742 Latyrum,

110 3743 143 3792 B.
187 3744 309 3805 arturum,
320 3758 345 3808 γ.
364 3785 396 3793 -
412 3745 512 3812 supere,
528 3747 578 3796 12¹.
602 3788 632 3796 ..
659 3745 754 3807 Gades,
771 3750 828 3796 a²d.
854 3746 944 3804 Gades,
964 3744 989 3792 n
1005 3741 1233 3806 (cetesincorr.)

113 3805 231 3868 Gadium,
244 3811 280 3906 03¹.
299 3849 330 3858 -
354 3808 491 3875 Antipater,
512 3828 535 3862 v.
552 3814 658 3874 Kranae,
674 3815 790 3876 fragmm.
808 3811 986 3862 hispanam.
1007 3824 1032 3872 p.
1047 3814 1102 3859 196.
1122 3851 1152 3859 -
1171 3808 1235 3860 dicit

110 3875 209 3938 uidisse,
222 3877 272 3926 R.

144 3942 160 4003 b
174 3948 231 3994 lto.
250 3960 279 3994 ue
287 3954 351 4009 post,
363 3947 388 3994 R
396 3947 411 3994 ¹.
421 3945 540 3996 Ceterum
550 3960 575 3994 v.
587 3945 694 4007 Nepotis
705 3944 822 4006 fragmm.
834 3958 859 4005 p.
872 3945 930 3992 667.
942 3942 1020 3991 Heus.
1034 3983 1065 3990 -
1078 3944 1152 3994 tradit
1163 3958 1234 4007 prae-

110 4010 233 4073 positioni
251 4009 282 4060 de
297 4012 436 4074 praemittit
451 4013 475 4061 d.
493 4050 524 4061 ..
544 4009 646 4072 06666
668 4008 704 4072 (ii
719 4010 747 4058 in
770 4007 877 4070 rasura.)
899 4008 995 4059 Iterum
1014 4010 1080 4058 Plin
1102 4012 1234 4075 exscripsit

111 4078 207 4127 Melam
218 4078 267 4128 111.
278 4083 301 4138 5,
319 4084 342 4128 6.
362 4117 393 4129 ,
411 4076 452 4140 L,
473 4078 566 4128 Sabell.
587 4079 614 4125 in
634 4077 699 4126 curis
711 4076 834 4126 secundis.
856 4074 892 4136 0.,
904 4072 956 4137 ὃβ.
980 4076 1069 4128 Omitt
1081 4077 1182 4128 RTed.
1202 4119 1232 4127 -

111 4141 224 4207 Afranii,
243 4144 336 4195 Sabell.
363 4145 435 4196 Tad.
459 4143 583 4208 Africam,
600 4144 655 4204 RS,
678 4146 746 4207 quod
762 4145 852 4208 probat
869 4141 963 4195 Sabell.
989 4144 1015 4193 in
1027 4145 1093 4196 curis
1109 4146 1233 4206 secundis,

112 4211 159 4260 nisi
171 4226 242 4261 error
253 4219 291 4261 est
302 4213 506 4276 typographicis.
527 4250 554 4260 ..
576 4208 639 4273 dum,
650 4213 681 4261 R.
