2714 4710
81 296 116 336 lv
539 295 729 340 naussum.

81 447 216 505 editionis
235 445 390 507 Plinianee
408 454 462 507 aut
479 449 533 508 toti
550 459 603 508 aut
621 456 699 508 certe
720 449 827 525 partim
851 456 1101 525 compararentur,
1126 470 1206 512 enno

81 547 346 615 MDOCOXXXI.
375 555 585 618 Ludovicus
605 559 646 617 de
663 560 729 618 Ian
751 558 880 617 codicem
896 558 984 616 illum
1004 559 1205 636 Bnmbergen·

81 683 144 724 sem
165 667 289 739 detexit,
315 685 374 740 quo
393 675 512 743 reperto
531 667 578 726 vir
596 667 807 726 eruditissimus
831 667 890 725 iem
914 668 1032 744 egregie
1052 670 1088 727 de
1106 646 1205 730 Plinio

79 775 201 834 meiitus
221 795 285 834 eam
306 776 388 833 leudi
409 777 689 836 suae‘accessionem
703 776 782 848 lecit,
803 785 836 835 ut
850 777 886 835 iis
906 777 943 835 sit
956 752 1204 852 adnumerandus,

80 878 189 960 quibus
203 882 319 944 Plinius
333 885 492 961 plurimum
505 886 602 944 debet.

121 993 178 1051 His
199 993 289 1068 igitur
307 995 338 1051 in
356 995 528 1054 universum
542 996 669 1054 narratis
691 996 727 1053 de
744 996 780 1053 iis
803 1013 879 1070 quae
899 1001 929 1054 et
942 995 1059 1071 Regum
1078 998 1205 1057 duorum

79 1101 371 1179 Angustissimomm
398 1105 598 1163 munificentia
625 1113 655 1163 et
682 1105 844 1163 multorum
870 1103 1022 1164 hominnm
1051 1107 1204 1167 doctorum

80 1211 183 1269 studiis
196 1213 248 1270 'ad
271 1214 348 1272 hanc
374 1215 531 1273 editionem
553 1215 697 1272 naturalis
721 1214 860 1272 historiae
878 1214 967 1272 Plinii
990 1215 1022 1272 in
1042 1212 1206 1276 Germanis

79 1321 285 1380 instituendam
303 1331 333 1380 et
351 1324 557 1398 perficiendam
576 1332 645 1383 sunt
664 1324 751 1397 lacta,
772 1323 845 1380 nihil
863 1324 947 1398 prius
970 1324 1074 1397 habeo,
1096 1325 1152 1384 nisi
1170 1334 1206 1384 ut

81 1431 212 1489 subsidia
234 1432 334 1492 critica
358 1451 528 1490 enumerem
557 1451 632 1508 quae
658 1433 730 1490 mihi
750 1451 824 1508 opus
845 1430 1016 1494 Plinianum
1041 1436 1205 1493 recensenti

79 1549 132 1598 aut
145 1540 184 1598 ab
197 1540 261 1598 aliis
274 1541 389 1627 pridem
404 1541 511 1600 collata
529 1551 581 1600 aut
598 1560 677 1600 nunc
691 1542 808 1599 demum
821 1549 927 1617 parata
940 1542 1203 1617 praemaluerunt,

78 1649 110 1707 in
129 1650 237 1724 quibus
256 1669 324 1708 cum
342 1651 414 1710 haec
433 1657 582 1728 postremo
601 1650 667 1710 loco
687 1659 913 1709 commemorata
936 1651 1025 1726 longe
1049 1651 1108 1709 sint
1130 1669 1205 1727 gra·

80 1758 209 1831 vissima,
224 1763 263 1818 ab
276 1760 323 1818 his
337 1761 408 1836 ipsis
422 1762 539 1819 initium
552 1761 719 1820 laciendum
733 1760 857 1819 videtur.

122 1844 225 1927 Codex
244 1871 463 1945 Bamberqensis
485 1864 543 1950 (B)
563 1871 593 1928 in
615 1871 702 1928 catal.
724 1870 917 1929 bibliothecae
935 1868 1162 1946 Bambergensis
1184 1892 1206 1931 ιι

78 1977 197 2036 Iaeckio
217 1976 296 2036 edito
315 1986 434 2036 notatus
453 1976 561 2051 Mvn,
582 1981 833 2051 membranaceus,
858 1977 937 2036 loliis
957 1977 1082 2038 CLXV.
1113 1980 1206 2040 Plinii

79 2087 171 2146 libros
191 2104 244 2144 sex
262 2093 425 2163 postremos
445 2088 581 2159 continet,
601 2088 698 2147 forma
716 2089 869 2162 quadrata,
889 2088 966 2147 binis
986 2090 1137 2162 columnis,
1159 2088 1206 2150 vi·

82 2196 160 2255 cenis
181 2197 257 2255 senis
275 2196 371 2268 lineis,
397 2204 547 2268 exaratus,
572 2201 608 2255 ut
626 2198 715 2262 Iano
736 2197 899 2269 videbatur,
924 2198 963 2256 ab
976 2199 1054 2257 Italo
1075 2200 1206 2275 quodem

81 2305 201 2364 saeculo
222 2306 344 2377 decimo,
369 2313 404 2363 ut
425 2304 714 2379 Schneidewino,
741 2306 857 2365 saeculo
876 2309 1029 2366 undecimo
1047 2308 1079 2365 in
1102 2326 1207 2367 mone·

80 2416 169 2474 sterio
188 2415 288 2491 aliquo
309 2413 474 2487 Germano,
495 2425 525 2474 et
543 2417 654 2474 dudum
673 2416 855 2493 Bambergae
875 2425 1019 2475 servatus.
1052 2414 1208 2492 Scriptura

81 2532 127 2583 est
147 2543 222 2599 quae
243 2516 350 2583 dicitur
363 2526 538 2596 minuscula,
560 2526 613 2584 sed
632 2526 803 2584 maiusculis
821 2525 972 2584 nonnullis
986 2525 1088 2584 litteris
1101 2527 1206 2587 mixta

80 2633 196 2692 Indices
217 2633 362 2691 librorum
383 2653 403 2691 a
422 2632 521 2692 Plinio
540 2634 605 2710 ipso
632 2633 755 2692 conlecti
774 2634 807 2691 in
827 2631 883 2692 hoc
907 2635 952 2692 nti
975 2634 1006 2691 in
1029 2634 1094 2692 aliis
1119 2636 1205 2694 codd.

82 2744 310 2819 praemittimtur
331 2742 455 2817 singulis
474 2742 559 2800 libris
579 2736 625 2821 (v.
641 2761 717 2818 quae
735 2742 863 2800 diximus
881 2743 920 2800 ad
936 2743 1052 2801 initium
1070 2742 1138 2802 libri
1150 2741 1204 2820 1.).

80 2852 128 2910 De
146 2871 261 2917 summa
280 2853 460 2928 praestantia
480 2850 568 2910 huius
588 2851 656 2910 libri
676 2870 743 2911 cum
762 2851 792 2909 in
805 2852 940 2927 plurimis
960 2851 1025 2910 aliis
1039 2853 1126 2911 rebus
1140 2861 1206 2913 tum

81 2964 113 3021 in
131 2963 250 3022 infinitis
268 2963 383 3041 lacunis
404 2963 442 3021 ab
462 2979 497 3018 eo
515 2960 579 3019 solo
598 2961 721 3036 expletis
741 2950 908 3037 conspicua,
928 2962 980 3035 qui
998 2961 1136 3021 indicium
1151 2980 1206 3020 no·

83 3080 177 3132 strum
198 3074 235 3131 de
254 3074 323 3132 crisi
343 3072 470 3131 naturali
493 3070 630 3129 historiae
649 3069 736 3128 Plinii
760 3070 925 3129 adhibenda
948 3089 1071 3147 prorsus
1094 3071 1205 3130 immu-

82 3184 168 3253 tavit,
188 3181 264 3240 infra
283 3182 417 3258 pluribus
436 3189 557 3256 agetur3
576 3180 692 3238 interim
712 3180 779 3238 vide
792 3179 877 3237 lani
895 3179 1033 3238 lectiones
1052 3177 1206 3240 Plinianas

84 3289 255 3350 Suevolurti
274 3305 350 3348 anno
363 3286 677 3348 MDCCCXXXIIII.
693 3289 784 3346 editas
798 3295 828 3345 et
842 3289 966 3347 eundem
984 3289 1080 3347 virum
1098 3289 1206 3348 doctis-

83 3401 190 3458 simum
209 3401 240 3456 in
259 3399 438 3475 praefatione
457 3397 562 3473 plenae
576 3397 663 3457 huius
681 3399 749 3456 libri
768 3397 931 3456 collationis
945 3397 1046 3473 quinto
1061 3397 1206 3457 volumini
1278 3396 1285 3407 ’

3 3558 6 3563 .
83 3508 216 3567 editionis
229 3526 312 3566 meae
325 3508 415 3567 Plinii
429 3506 547 3565 minoris
562 3507 701 3579 adiectae,
722 3507 758 3564 de
777 3525 837 3582 qna
854 3508 913 3566 iam
933 3507 1023 3583 paulo
1037 3507 1205 3567 accuratius

8 3636 11 3640 ·
83 3618 295 3678 disserendum.
322 3616 438 3674 Ianus
458 3616 567 3674 scilicet
585 3635 651 3676 cum
669 3617 750 3674 illam
770 3617 954 3676 collationem
974 3619 1050 3696 typis
1064 3635 1205 3676 excusem

83 3727 180 3786 denuo
201 3729 239 3786 ad
260 3727 357 3805 ipsum
380 3727 506 3784 codicem
526 3726 644 3800 exigere
659 3726 808 3802 coepisset,
828 3706 887 3784 non
908 3736 1022 3785 tantum
1040 3727 1135 3784 multa
1152 3746 1205 3785 or·

83 3836 284 3912 thographica,
296 3837 350 3893 sed
364 3836 436 3893 alias
451 3836 537 3893 etiam
551 3836 690 3893 lectiones
705 3853 724 3891 a
737 3853 778 3908 se,
790 3843 824 3893 ut
836 3836 866 3893 in
879 3837 926 3894 his
939 3835 1026 3892 rebus
1040 3836 1104 3892 lieri
1118 3835 1205 3907 solet,

83 3954 138 4005 eut
156 3946 279 4003 omissas
299 3952 351 4004 aut
369 3946 446 4004 male
464 3945 656 4021 transcriptas
669 3946 790 4017 invenit,
813 3963 871 4019 qua
891 3963 923 4002 re
941 3945 1064 4016 detecta,
1086 3961 1144 4018 qno
1158 3951 1206 4003 est

82 4055 181 4112 animo
200 4055 323 4114 candido
342 4041 488 4132 uniusque
501 4055 632 4114 veritatis
646 4055 843 4131 cupidissimo,
862 4071 984 4128 prorsus
1002 4072 1111 4113 novam
1125 4053 1205 4112 codi-

82 4162 125 4226 cis
151 4163 337 4225 collationem
362 4166 502 4238 coniecit,
534 4183 623 4239 qnam
648 4164 721 4224 mihi
745 4163 1015 4223 benevolentissime
1040 4171 1070 4221 et
1093 4163 1204 4224 libera-

26 4320 124 4430 h
181 4412 183 4417 .
