2714 4710
547 290 737 336 ruarmo.
1167 295 1202 337 111

78 466 139 508 non
170 445 307 508 sufficere
335 460 402 504 cum
431 445 502 503 satis
534 435 697 517 constaret,
730 443 847 520 publice
879 463 942 505 rem
973 448 1203 521 promovendam

79 555 331 617 Thierscbius
344 554 429 628 vidit,
443 561 554 614 etcum
568 554 726 614 auctoritas
740 554 849 631 Regiae
862 556 1029 634 academiae
1040 555 1205 618 litterarum

78 665 266 725 Monacensis
285 682 344 724 nen
362 664 485 737 deesset,
506 661 747 724 LUDOVICUS
762 663 789 722 Ι.
803 663 870 722 Rex
883 664 1028 724 Bavariae
1046 667 1153 726 affirm
1177 676 1207 726 ct

78 776 245 835 litterarum
268 775 400 833 audium
421 774 568 833 communi
587 774 704 833 vinceda
725 792 791 833 esse
811 775 999 834 coniunctum
1019 777 1123 848 sciens,
1146 778 1207 835 cle-

81 885 262 944 mentissime
286 883 420 959 promisit
443 901 475 941 se
499 901 576 958 quae
600 884 766 942 academiae
790 884 956 944 litterarum
980 885 1019 944 ad
1046 893 1207 964 apparatus

80 993 216 1054 editionis
240 992 333 1051 Plinii
361 991 510 1051 iaciendos
538 992 706 1051 necessasia
734 994 921 1066 viderentur,
950 996 1012 1054 suis
1041 995 1207 1072 sumptibus

80 1109 272 1180 erogaturum
288 1083 363 1160 esse,
393 1098 550 1162 codicibus
564 1101 616 1176 qui
629 1102 831 1161 conferrentur
845 1103 1019 1180 dignissimis
1034 1104 1207 1181 designatis,

80 1212 299 1272 audericus
327 1211 371 1269 de
394 1210 474 1283 Ian,
507 1211 679 1298 disciplinae
703 1211 935 1270 Thierschianae
958 1214 1097 1273 muninus
1121 1232 1208 1292 prae·

82 1320 296 1394 stantissimus,
326 1322 364 1379 ad
388 1321 445 1379 hoc
473 1322 622 1397 negotium
654 1323 872 1396 exsequendum
898 1323 1076 1395 destinatus,
1105 1323 1208 1382 itinere

83 1431 236 1490 duodecim
260 1448 397 1489 mensum
421 1430 463 1488 ita
483 1440 528 1489 est
545 1449 629 1503 usus,
655 1438 690 1489 ut
707 1432 819 1490 Italicis
839 1439 869 1489 et
886 1430 1102 1491 Parisiensibus
1126 1432 1208 1492 hbris

83 1542 227 1618 excerptis
245 1542 316 1599 huic
337 1541 419 1617 operi
437 1540 643 1599 molestissimo
662 1541 836 1617 perficiendo
856 1543 997 1618 aptiorem
1018 1563 1049 1602 se
1062 1539 1208 1601 hominem

83 1651 162 1709 haud
184 1648 252 1726 eligi
269 1651 401 1727 potuisse
420 1651 537 1708 abunde
556 1659 722 1708 testaretur.
745 1648 805 1708 Sed
822 1659 939 1725 praeter
955 1651 1024 1708 illos
1037 1652 1129 1710 libros
1143 1671 1209 1709 ma·

84 1761 162 1820 xime
175 1760 356 1818 Toletanum
372 1768 402 1817 et
414 1758 595 1817 Vossianum
609 1758 719 1816 librum
734 1759 830 1815 denuo
848 1757 1043 1833 inspiciendos
1059 1775 1124 1818 esse
1143 1777 1209 1818 cum

84 1847 214 1929 Plutiani
234 1876 264 1926 et
280 1869 400 1927 Ioannis
413 1867 556 1925 Friderici
576 1864 720 1925 Gronovii
740 1875 878 1944 excerpta
899 1868 1047 1940 docerent,
1068 1869 1210 1946 singulari

84 1997 206 2054 prorsus
225 1977 360 2040 icaunae
379 1977 481 2036 farore
498 1976 607 2034 factum
626 1982 681 2048 est,
704 1984 740 2035 ut
751 1976 821 2035 libri
834 1977 982 2050 Toletani,
1004 1978 1042 2036 ad
1055 1964 1143 2054 ouem
1158 1979 1209 2038 vix

84 2087 170 2146 aliter
188 2080 287 2146 aditus
305 2086 435 2162 patebat,
456 2086 619 2144 accuratius
638 2086 810 2163 inspiciendi
830 2088 943 2163 copiam
962 2087 1072 2147 iaceret
1084 2084 1208 2148 IOAN·

83 2195 155 2256 ms
175 2195 360 2256 serenissimi
381 2196 473 2253 Ducis
494 2193 639 2254 Senoniae
663 2196 884 2272 exoptatissima
902 2197 1056 2270 voluutas,
1082 2216 1142 2274 quo
1161 2199 1208 2255 in·

82 2307 250 2366 tercedente
275 2302 495 2364 ANTONIUS
526 2304 712 2363 beatissimus
736 2303 805 2363 Rex
830 2304 975 2364 saxoniae
1002 2307 1040 2365 ab
1065 2305 1209 2365 FERDI·

79 2413 236 2475 NAN'DO
256 2413 331 2473 VII.
352 2413 561 2490 Hispaniarum
580 2415 789 2489 Indiarumque
808 2415 907 2490 Rege,
934 2416 1029 2492 neptis
1054 2433 1125 2474 suae
1144 2421 1208 2474 tum

80 2524 202 2597 marito,
213 2522 301 2596 facile
313 2523 489 2599 impetravit,
500 2531 535 2581 nt
548 2540 750 2597 quaecumque
762 2523 793 2580 in
805 2521 860 2580 illa
872 2531 954 2603 terra
966 2522 1004 2582 cd
1014 2543 1077 2583 rem
1086 2543 1209 2601 prorsus

77 2652 195 2694 novam
215 2632 421 2708 perficiendam
439 2633 503 2690 fleri
521 2640 641 2710 possent
661 2635 774 2691 fierent.
805 2629 850 2691 At
870 2633 907 2690 de
925 2632 1073 2693 Vossiano
1092 2652 1209 2710 quoque

77 2745 160 2804 libro
189 2751 261 2802 vcta
289 2751 397 2801 eventu
424 2760 484 2800 non
512 2751 679 2800 caruerunt.
728 2741 898 2802 Berolinum
931 2745 1008 2802 euim
1037 2761 1104 2802 cum
1133 2720 1210 2804 anno

75 2848 383 2914 MDCOCXXVIII.
397 2848 714 2910 naturaascrutatcres
729 2852 884 2929 septimum
898 2853 1111 2923 convenissent,
1126 2850 1211 2911 Bee-

76 2964 230 3038 tigerus
254 2962 375 3020 recitata
399 2961 599 3020 dissertatione
624 2962 662 3020 de
686 2961 802 3038 silphio,
827 2962 930 3038 planta
953 2963 1006 3019 illa
1029 2961 1211 3033 antiquitatis

76 3080 149 3131 tam
163 3070 299 3148 quaesita
312 3088 401 3145 quam
415 3072 554 3147 pretiosa,
575 3088 638 3128 rem
651 3067 818 3127 Plinianam
831 3087 937 3128 rursus
949 3068 1120 3128 nonasterii
1133 3077 1163 3126 et
1176 3069 1212 3126 de

75 3181 193 3241 codicis
217 3180 360 3241 Vossiani
387 3179 503 3255 insigni
525 3179 673 3254 gravitate
700 3173 730 3235 in
759 3179 892 3236 oratione
916 3173 1006 3238 Plinii
1030 3179 1213 3237 emendanda

78 3291 223 3350 omnibus
241 3291 315 3348 adeo
334 3285 491 3367 persuasit,
512 3296 547 3346 ut
565 3289 685 3364 auspice
703 3297 732 3346 et
751 3288 825 3346 duce
840 3285 978 3347 Okenio
996 3288 1098 3366 plures
1112 3289 1212 3367 physi·
1319 3272 1326 3282 ⁸

80 3416 192 3460 corum
214 3401 355 3476 pecunias
381 3398 547 3458 conferrent
573 3391 725 3477 (videatur
744 3396 850 3456 Okenii
868 3399 926 3456 Isis
949 3393 1042 3458 1829.
1066 3398 1138 3458 Vol.
1160 3394 1212 3458 32.

77 3526 117 3586 p.
133 3503 315 3568 317-331.
337 3502 546 3587 355-358.),
573 3527 648 3584 quae
668 3517 771 3583 postea
788 3527 808 3567 a
826 3508 918 3568 doctis
938 3508 1086 3566 nonnullis
1099 3506 1213 3566 Beroli-

81 3619 247 3689 nensrbus,
269 3626 303 3676 ut
323 3619 488 3693 sumptibus
511 3619 548 3676 ad
568 3619 696 3676 codicem
715 3616 921 3676 conferendum
943 3617 1112 3677 necessariis
1132 3614 1213 3674 suifi-

81 3734 210 3799 cerent,
240 3728 382 3786 adauctae
401 3729 437 3786 ab
457 3726 624 3786 Henrico
645 3727 939 3786 Lichtensteinie
963 3724 1142 3800 antiquitatis
1162 3727 1213 3784 do·

87 3847 156 3898 ctae
176 3846 207 3896 et
225 3855 323 3896 rerum
343 3846 466 3895 nat-urse
484 3838 593 3913 pariter
614 3837 708 3913 perito
733 3839 771 3895 ad
796 3857 843 3895 me
867 3836 1057 3896 transmissae
1081 3836 1122 3895 ita
1147 3846 1215 3896 sunt

90 3947 261 4020 collocatae,
282 3953 316 4004 ut
331 3947 452 4005 alterius
467 3947 556 4005 etiam
575 3946 643 4004 libri
656 3946 797 4004 Vossiani
817 3946 1002 4005 collationem
1022 3946 1212 4006 nanciscerer.

92 4055 138 4115 Ita
152 4057 291 4115 omnibus
306 4065 358 4114 aut
370 4057 430 4117 iam
442 4056 527 4114 factis
542 4064 594 4113 aut
607 4064 686 4113 certe
700 4058 893 4132 praeparatis,
913 4065 948 4115 nt
961 4057 1064 4134 optimi
1085 4050 1214 4116 omnium

39 4210 42 4214 .
94 4163 333 4256 bibliothecarum
358 4167 447 4225 totius
466 4164 606 4241 Europae
630 4164 698 4222 libri
723 4183 812 4224 manu
831 4156 931 4242 scripti
949 4168 980 4224 in
1005 4182 1092 4227 usum
1118 4180 1215 4226 novae

997 4286 1010 4315 ’fi
