2714 4710
127 317 206 360 XLVI
594 315 784 361 emmaum.

126 486 245 529 omnem
259 468 296 527 de
310 469 433 528 varimte
453 467 663 528 dubitationem
682 469 856 545 adesrptura
873 475 961 528 asset.
988 465 1070 529 Certi
1088 487 1160 530 vern
1179 470 1252 532 boni

123 576 169 637 illi
186 576 322 637 monachi
340 583 424 637 arant
449 576 503 637 vix
521 594 699 654 quemquam
719 578 801 636 locos
819 577 887 636 illos
905 594 925 636 a
950 595 983 637 se
1008 576 1145 638 laudatos
1169 581 1250 656 apud

122 686 220 762 ipsum
239 685 372 745 Plinium
390 686 593 763 quaesiturum
612 703 691 758 esse;
711 693 794 745 taum
813 690 878 745 erat
897 685 996 763 operis
1010 678 1183 760 auctoritas,
1204 695 1249 762 nt,

122 795 237 854 etiamsi
260 795 372 871 aliquid
396 795 428 852 in
452 810 488 853 eo
501 810 562 853 non
584 795 691 866 inerat,
716 795 815 854 inesse
837 799 936 853 temen
955 801 1067 871 posset.
1098 796 1248 856 maman

122 892 194 963 vero
207 902 337 978 aliquam
350 904 467 962 doctam
480 902 540 962 illis
561 902 696 976 saeculis,
718 909 753 962 ut
773 921 851 962 nunc
865 903 984 984 sumus,
1004 922 1065 962 non
1078 905 1248 966 inusitatam

122 1004 176 1092 (de
190 1008 313 1070 Graecis
335 1011 526 1088 scriptoribus
544 1011 622 1070 idem
644 1012 729 1070 docet
741 1010 916 1090 Bernhardy
933 1011 964 1071 in
983 1011 1063 1071 anal.
1084 1013 1247 1091 acl-geogr.

122 1113 229 1178 Graec.
242 1119 314 1178 min.
328 1137 358 1196 p.
374 1116 440 1197 28.)
455 1121 613 1179 admissam
627 1119 716 1180 luisse
732 1120 821 1179 etiam
834 1119 904 1179 inde
916 1119 1016 1196 colligi
1034 1129 1146 1198 potest,
1168 1123 1248 1199 quod

121 1244 284 1316 numqnam
303 1227 367 1304 ipsa
379 1225 469 1288 Plinii
488 1230 579 1290 verba
596 1229 757 1287 afferuntur
775 1245 871 1305 nsque
888 1227 958 1288 libri
970 1246 1110 1289 numerus
1129 1211 1246 1292 dnum

121 1337 220 1396 verbis
243 1337 392 1397 laudatur.
425 1319 511 1397 Sunt
527 1346 625 1397 autem
649 1337 694 1396 illi
717 1336 903 1397 fraudatores
929 1334 1106 1397 Scholiastes
1129 1336 1246 1399 Lucani

122 1439 153 1518 5,
171 1439 254 1518 101,
274 1445 484 1522 mythographi
502 1444 653 1518 Vaticani,
680 1447 806 1522 scriptor
824 1446 876 1520 qni
896 1446 1060 1522 composuit
1073 1443 1170 1506 Gesta
1181 1447 1245 1507 Rc·

118 1570 275 1613 manorum
291 1547 337 1634 (v.
353 1552 558 1613 Grraessium
578 1553 675 1612 virum
695 1553 895 1613 doctissimum
908 1553 939 1611 in
952 1554 1245 1615 amanuensium

120 1663 218 1739 operis
232 1662 271 1722 T.
285 1662 327 1722 11.
344 1680 374 1739 p.
389 1658 462 1722 261.
478 1655 579 1742 262),
597 1662 783 1739 potissimum
798 1659 921 1721 Servius
934 1662 1141 1739 interpolatus,
1157 1680 1245 1739 quern

118 1777 235 1848 praeter
253 1770 334 1853 locos
354 1790 445 1848 supra
463 1771 598 1831 laudatos
618 1760 679 1831 vid.
700 1758 861 1845 adEdog.
881 1766 916 1843 3,
937 1766 968 1831 8.
1000 1769 1112 1846 Georg.
1134 1767 1177 1844 1,.
1190 1766 1244 1834 59.

118 1875 150 1950 2,
166 1873 239 1938 119.
255 1873 326 1938 152.
349 1875 380 1951 3,
395 1876 469 1938 422.
494 1879 573 1940 Aen.
590 1876 620 1951 1,
635 1874 708 1940 398.
733 1875 766 1951 4,
782 1874 856 1940 551.Ι
876 1873 908 1951 8,
923 1874 975 1938 33.
992 1873 1064 1939 652:
1078 1874 1148 1961 (ubi
1160 1881 1244 1941 heus

117 1985 209 2046 Plinii
227 1986 270 2046 X.
292 1983 351 2058 22,
373 1983 424 2047 62.
450 2006 470 2046 a
492 1986 592 2048 Leone
618 1984 807 2063 Gottingensi
830 2006 984 2065 perperam
1008 1997 1054 2048 est
1077 1983 1243 2071 laudatus),

118 2091 150 2168 9,
162 2090 235 2156 715.
257 2091 307 2171 10,
321 2092 393 2155 174.
410 2092 481 2158 184.
497 2092 570 2156 272.
591 2095 650 2156 His
664 2095 787 2172 denique
800 2097 913 2156 accedit
924 2095 1038 2175 Eybus,
1052 2098 1105 2174 qui
1117 2097 1243 2159 inmar-

117 2205 215 2280 garita
227 2203 271 2264 Π.
286 2199 317 2277 1,
333 2200 384 2264 10.
398 2202 430 2264 4.
450 2205 522 2264 haec
541 2206 649 2266 verba:
677 2203 804 2277 „Animi
818 2206 989 2282 magnitudo
1003 2205 1076 2265 nihil
1089 2207 1127 2265 ad
1140 2213 1243 2294 octen-

116 2291 265 2387 tationem,
281 2315 380 2373 omnia
392 2334 464 2376 vcro
478 2315 517 2373 ad
530 2313 733 2374 conscientiam
746 2314 837 2373 refert
849 2315 979 2389 rectique
993 2314 1064 2374 facti
1076 2316 1242 2375 mercedem

116 2441 177 2482 non
200 2441 239 2482 ex
261 2422 366 2500 populi
390 2440 536 2497 sermone,
561 2424 613 2482 sed
637 2442 676 2482 ex
698 2423 777 2482 iacto
801 2422 903 2499 petit‚”
927 2429 1077 2499 tamquam
1101 2440 1120 2481 a
1141 2423 1241 2484 Plinio

116 2533 224 2610 scripta
237 2532 334 2592 affert.

157 2642 224 2700 Iam
237 2641 276 2699 ad
295 2640 408 2701 codices
428 2647 464 2699 ut
483 2640 651 2714 redeamus,
672 2659 726 2718 per
744 2640 890 2716 ingentem
911 2656 1014 2699 eorum
1027 2658 1185 2700 numerum
1197 2641 1242 2701 in·

116 2757 232 2828 gentem
254 2750 343 2807 etiam
362 2749 596 2827 corruptelarum
617 2749 711 2808 omnis
730 2749 845 2825 generis
863 2765 1019 2807 numerum
1032 2749 1159 2809 inveniri
1171 2768 1240 2810 cnm

116 2858 250 2936 singulae
270 2858 447 2936 paragraphi
460 2857 603 2918 naturalis
616 2858 756 2917 historiae
776 2859 911 2929 doceant,
933 2858 1011 2916 unde
1031 2866 1113 2917 ortae
1134 2858 1193 2918 sint
1210 2868 1241 2919 et

115 2976 259 3045 quatenus
273 2969 368 3028 oratio
379 2965 468 3028 Plinii
480 2967 539 3028 illis
553 2966 677 3027 sublatis
690 2967 837 3026 emendari
850 2967 955 3044 possit,
969 2965 1065 3043 paulo·
1072 2968 1240 3027 accuratim

114 3086 162 3138 est
174 3079 386 3155 exponendum.
414 3079 456 3136 Et
475 3079 527 3137 alii
546 3077 662 3153 quidem
682 3093 795 3136 errores
808 3073 906 3134 Plinio
926 3093 994 3134 cum
1008 3074 1071 3135 aliis
1084 3075 1238 3152 scriptori-

114 3188 171 3247 bus
190 3194 260 3246 sunt
278 3206 457 3260 communes,
477 3188 519 3247 ita
536 3196 571 3247 nt
590 3188 640 3245 vel
652 3185 859 3246 usitatissimae
877 3201 964 3244 voces
977 3183 1089 3243 incuria
1102 3184 1238 3244 librario·

67 3334 85 3360 Ἴ.
114 3312 182 3352 rum
204 3302 470 3371 corrumperentur,
491 3295 537 3353 uti
555 3289 655 3367 4,19.
674 3313 729 3371 pro
748 3303 833 3353 totam
850 3293 966 3354 Atticen
986 3293 1080 3352 codex
1096 3292 1129 3353 A
1147 3293 1238 3354 habet

114 3407 174 3461 totu
186 3405 315 3474 monaca,
330 3404 423 3462 codex
436 3402 465 3460 R
478 3397 510 3473 4,
524 3398 574 3461 93.
588 3405 694 3479 aptitus
707 3421 762 3480 pro
776 3404 900 3474 circiter,
915 3403 992 3461 idem
1006 3403 1099 3462 codex
1113 3398 1144 3475 4,
1162 3397 1236 3463 119.

114 3512 223 3583 sacia,
245 3510 265 3569 d
279 3518 377 3569 autem
391 3498 486 3571 statim
500 3528 555 3588 pro
568 3513 703 3588 spatium,
723 3516 849 3588 quarum
864 3511 1100 3588 corruptelarum
1113 3528 1235 3571 causam

113 3619 273 3679 maximam
291 3637 356 3679 eam
375 3637 450 3692 csse,
470 3620 550 3695 quod
570 3637 670 3678 omnes
691 3638 765 3696 quos
784 3621 925 3680 habemus
945 3621 1058 3679 codices
1076 3637 1115 3678 ex
1128 3621 1235 3681 archa·

113 3736 185 3806 typo
199 3727 297 3804 aliquo
311 3728 416 3788 litteris
430 3727 593 3787 uncialibus
606 3736 726 3786 exarato
740 3735 810 3788 sunt
823 3729 1002 3805 transcripti,
1022 3747 1091 3788 cum
1103 3729 1234 3788 sexcenti

24 3849 26 3858 ·
114 3835 164 3895 alii
177 3835 235 3895 loci
248 3836 363 3910 docent,
384 3846 448 3896 tum
460 3844 578 3914 praeter
591 3855 652 3910 eos,
667 3855 741 3912 quos
755 3855 846 3915 supra
859 3839 897 3897 ad
911 3839 1044 3914 singulos
1058 3838 1144 3897 codd.
1157 3856 1233 3897 enu-

113 3946 236 4018 meravi,
250 3945 353 4006 nnllus
367 3946 475 4006 clarius
490 3965 580 4022 quam
594 3942 625 4019 4,
641 3940 703 4019 57,
724 3947 776 4006 ubi
794 3966 860 4007 cum
879 3947 971 4023 vulgo
992 3947 1137 4006 sc1ibatur
1156 3946 1233 4007 Sunt

112 4064 140 4114 et
159 4058 190 4114 in
209 4057 355 4132 Megarico
374 4059 439 4116 siau
460 4049 614 4137 (insulae),
642 4074 742 4116 omues
762 4057 848 4115 codd.
866 4055 933 4115 loco
953 4056 1036 4115 verbi
1056 4055 1232 4116 substantivi

119 4165 181 4226 VII
190 4165 308 4239 habent,
325 4184 380 4243 pro
393 4183 453 4242 quo
466 4166 496 4226 iu
510 4183 577 4225 mea
590 4165 715 4226 editione
728 4169 772 4226 ati
784 4164 902 4242 legitur.
923 4165 1040 4226 Horum
1059 4184 1132 4226 vero
1150 4182 1230 4224 erro·
