2714 4710
194 260 199 267 ’
281 302 288 314 -
309 287 380 333 nm.
397 287 434 332 11.
464 287 541 333 oar.
559 287 659 334 nxrn.
676 288 773 334 nxrv.
805 289 902 335 sacr.
917 291 949 334 ca
963 292 994 333 a.
1149 275 1210 338 165

94 432 168 502 cum
189 436 304 502 veneni
325 436 508 501 radicibus?
536 439 707 522 placatiore
730 448 837 502 tamen
859 439 920 503 dea
941 440 982 505 ob
1002 439 1096 517 haec,
1124 440 1210 522 quod

94 557 204 600 omues
217 535 251 599 hi
265 536 447 622 opulentiae
463 537 569 602 exitus
584 538 626 601 ad
644 541 764 604 scelera
785 538 957 622 caedisque
980 551 1012 604 et
1032 540 1117 606 bella
1139 552 1210 605 ten-

92 637 174 700 dunt
195 636 345 721 quodque
368 638 523 723 sanguine
545 648 652 702 nostro
674 639 816 725 rigamus
830 638 1062 724 insepultisque
1084 641 1210 705 ossibus

93 735 244 824 tegimus,
266 735 383 820 quibus
406 746 510 802 tamen
533 738 622 802 velut
644 739 835 824 exprobrato
857 739 965 804 furore
988 741 1118 805 tandem
1139 741 1210 825 ipsa

91 858 127 901 se
149 836 281 913 obducit
302 847 335 901 et
356 837 477 902 scelera
498 859 625 921 quoque
647 839 828 904 mortalium
851 841 998 905 occultat.
1035 840 1126 906 Inter
1147 841 1209 904 ori-

90 937 187 1010 mina,
208 935 328 1022 ingrati
359 936 455 1000 animi
488 948 520 1002 et
551 938 612 1002 hoc
644 938 812 1014 duxerim,
844 939 930 1022 quod
960 951 1106 1005 naturam
1140 940 1209 1004 eius

89 1037 286 1124 ignoramus.
320 1068 322 1072 ·
791 1028 793 1032 Β

133 1135 261 1202 LXIV.
299 1135 348 1200 ct.
378 1136 440 1201 Est
465 1147 572 1200 autem
597 1138 701 1225 figura
726 1138 846 1223 prima,
875 1139 916 1202 de
944 1160 1007 1222 qua
1033 1161 1208 1204 consensus
1224 1160 1272 1204 roo

88 1237 222 1301 iudicat.
246 1233 381 1301 Orbem
403 1246 489 1301 certe
511 1236 647 1302 dicimus
669 1248 788 1315 terrae,
815 1237 1010 1326 globumque
1032 1239 1209 1306 verticibus

87 1336 211 1402 includi
238 1337 384 1401 latemur.
421 1333 535 1420 Neque
564 1337 648 1401 enim
678 1338 817 1422 apsoluti
848 1339 935 1404 orbis
964 1350 1015 1405 est
1045 1340 1148 1404 forma
1175 1341 1209 1404 in

89 1448 181 1501 tanta
193 1437 348 1501 montium
364 1436 561 1514 excelsitate,
581 1447 670 1500 tanta
684 1459 869 1521 camporum
883 1440 1026 1525 planitie,
1045 1441 1102 1505 sed
1116 1442 1208 1506 cuius

87 1537 273 1623 amplexus,
296 1537 324 1601 si
346 1537 451 1621 capita
471 1536 619 1601 liniarum
642 1539 938 1623 conprehendantur
959 1541 1099 1620 ambitu,
1120 1542 1207 1628 figu-

87 1659 157 1700 ram
172 1636 309 1721 apsoluti
326 1636 412 1701 orbis
433 1636 560 1714 efficiat,
582 1637 617 1701 id
639 1638 725 1720 quod
746 1638 818 1723 ipsa
838 1661 945 1704 rerum
966 1651 1099 1704 naturae
1122 1641 1208 1726 cogit

87 1737 186 1815 ratio,
215 1759 278 1801 non
304 1736 419 1801 iisdem
446 1736 554 1801 causis
581 1759 662 1821 quas
684 1737 850 1802 attulimus
868 1739 902 1802 in
924 1741 1022 1804 caela.
1059 1736 1207 1820 Namque

87 1839 123 1900 in
148 1837 203 1903 illo
229 1860 309 1902 cava
336 1836 370 1900 in
400 1859 434 1903 sc
463 1837 649 1902 convexitas
670 1838 776 1925 vergit
797 1849 830 1902 et
850 1839 972 1904 cardini
996 1861 1053 1904 suo
1073 1838 1135 1903 hoc
1157 1851 1207 1902 est

90 1951 194 2003 terrae
215 1936 358 2019 undique
378 1935 552 2014 incumbit3
580 1937 660 2002 haec
681 1948 718 2000 ut
741 1938 842 2004 solida
863 1951 959 2022 atque
981 1939 1125 2004 conferta
1147 1941 1204 2003 ad-

89 2038 194 2124 surgit
213 2036 438 2102 intumescenti
460 2037 571 2101 similis
593 2047 746 2122 extraque
768 2040 978 2124 protenditur.
1007 2039 1153 2104 Mundus
1172 2040 1206 2105 in

88 2148 233 2202 centrum
254 2137 376 2223 vergit,
400 2147 434 2200 at
457 2147 541 2202 terra
562 2137 629 2202 exit
649 2162 668 2201 a
691 2149 818 2217 centro,
840 2141 1020 2205 inmensum
1042 2139 1112 2205 eius
1134 2142 1204 2226 glo·
1284 2218 1288 2224 ι

86 2236 224 2301 bumin
251 2237 387 2302 formam
412 2237 498 2302 orbis
521 2238 656 2303 adsidua
678 2239 761 2305 circa
784 2263 854 2306 eam
876 2241 986 2306 mundi
1008 2240 1206 2307 volubilitate

87 2332 233 2425 cogente.

121 2541 136 2603 §
150 2547 206 2593 158.
223 2543 334 2608 modae,
351 2544 376 2594 Β
386 2546 401 2594 ¹.
422 2586 452 2593 -
472 2545 598 2609 paruulos,
616 2547 640 2595 Β
651 2548 664 2593 ¹.
685 2564 715 2593 .‘-
738 2543 844 2609 lapides.
861 2542 994 2597 Scrobibus
1006 2584 1036 2594 .-
1047 2544 1111 2594 actis
1128 2545 1205 2596 virce-

87 2625 126 2668 ra,
137 2626 158 2658 r.
176 2650 208 2660 ..
226 2609 398 2672 abstrahimur,
416 2614 521 2661 Robcrt.
541 2652 572 2660 -
587 2612 686 2676 petitur,
699 2612 782 2663 RTd¹
800 2610 847 2674 (sc.
861 2610 947 2675 terra.)
963 2611 1078 2675 petimus,
1095 2631 1111 2663 a
1123 2617 1136 2662 ¹.
1156 2630 1205 2675 quc

82 2675 186 2739 petitur,
198 2679 232 2737 dj²
244 2673 374 2739 (Robert.)
393 2693 464 2740 quum
472 2677 586 2742 patimus,
599 2674 688 2741 αἳβγ,
708 2719 738 2727 ..
761 2677 840 2740 Quod,
853 2680 884 2729 Β.
905 2721 935 2730 ..
954 2677 1019 2739 ullis,
1032 2680 1056 2729 Β
1066 2683 1081 2729 ⁸.
1100 2721 1130 2729 ..
1145 2696 1204 2746 pro-

76 2744 170 2806 fectos,
182 2745 231 2793 Bt
250 2770 281 2793 ..1
300 2745 388 2808 adque,
399 2746 447 2795 R'.
467 2784 498 2792 -
517 2743 642 2804 tanariae,
654 2748 685 2795 Β
861 2786 864 2791 ,
1021 2745 1024 2749 ’

119 2842 134 2903 5
154 2848 211 2892 159.
234 2845 278 2905 sic,
295 2844 345 2893 R¹.
370 2883 400 2892 ..
423 2860 518 2904 noram,
534 2845 638 2894 Barbar.
655 2847 730 2894 Rad.
747 2840 879 2907 (Rosea.)
906 2861 980 2904 noxa,
998 2860 1022 2894 σ,
1046 2886 1077 2894 -
1101 2847 1223 2905 canina.

84 2907 417 2972 3¹...tttom,om.1t¹.
437 2951 469 2959 -
486 2908 553 2972 Nou,
569 2912 637 2960 Pint.
655 2912 729 2961 Bad.
747 2911 821 2970 Nam,
838 2912 869 2959 T.
886 2909 950 2970 Noc,
966 2911 992 2960 S.
1011 2909 1107 2972 Nonne,
1123 2909 1152 2973 β.
1172 2952 1203 2962 ..

85 2993 176 3037 auras,
186 2976 236 3026 12¹.
255 3017 286 3026 ..
305 2976 406 3037 venenis
417 2974 568 3037 traducibus,
580 2979 632 3027 11¹.
650 2978 748 3027 venenis
762 2977 878 3035 trucrbua
890 2977 942 3024 K'2.
962 3015 992 3024 -
1008 2975 1148 3038 placatiore
1165 2986 1204 3026 ta-

84 3058 137 3092 men
149 3040 263 3104 deu,ad.
282 3040 420 3107 placatiore
436 3052 515 3093 tamen
532 3058 570 3105 eu,
588 3045 639 3093 3².
662 3040 731 3109 ullor
748 3042 850 3103 damen,
867 3042 917 3090 Rt
942 3080 974 3089 ..
993 3039 1061 3100 baec,
1078 3043 1203 3094 RSTad.

84 3107 136 3170 boc,
151 3122 177 3172 γ.
200 3107 245 3160 boc
261 3111 357 3170 utimur,
371 3105 401 3172 β.
420 3151 452 3160 ..
477 3109 549 3173 quod,
564 3112 655 3159 R¹ad.
675 3118 703 3158 ut
719 3125 850 3172 nunquam,
867 3109 917 3156 Rt
936 3148 967 3156 ..
985 3105 1020 3169 lu',
1037 3122 1087 3167 om.
1103 3110 1153 3160 R¹.
1172 3151 1203 3159 -

82 3173 175 3236 caedria,
187 3177 212 3227 Β
220 3180 258 3226 ²a
276 3175 372 3234 caedes,
384 3177 409 3227 Β
419 3179 455 3226 ¹d.
472 3216 504 3224 ..
517 3173 635 3239 quodque,
645 3177 670 3226 Β
680 3177 765 3227 ‘Tati
785 3175 895 3239 quodque
907 3190 932 3235 a,
944 3175 969 3224 Β
977 3177 994 3223 ².
1013 3191 1140 3240 quamque,
1151 3173 1202 3243 βγ.

82 3244 125 3293 Ex
136 3243 259 3306 scriptura
269 3244 312 3293 Β2
324 3244 419 3306 colligo
432 3243 592 3293 scribendum
604 3257 657 3293 esse
670 3241 782 3307 quodque
795 3257 856 3303 eam,
869 3257 927 3291 curn
938 3243 1037 3292 litterae
1055 3259 1067 3290 c
1080 3252 1105 3293 et
1117 3262 1133 3293 a
1144 3246 1202 3295 reli-

82 3310 158 3372 quiae
166 3309 242 3359 huius
250 3310 409 3373 pronominis
419 3325 474 3360 esse
482 3311 620 3371 vitlecntur,
630 3325 688 3359 cum
697 3325 758 3360 sano
767 3311 850 3360 omitti
858 3309 950 3372 possit3
963 3311 1012 3360 vid.
1023 3313 1055 3360 ad
1067 3318 1108 3372 ³2,
1120 3318 1159 3363 13.
1170 3354 1201 3362 .-

83 3377 201 3440 rt'qamus,
216 3377 321 3427 Ruso.
341 3375 483 3442 irripamus,
494 3374 547 3440 βγ.
572 3417 603 3427 ..
622 3376 803 3443 insepultisque,
821 3377 874 3427 To.
897 3375 1091 3443 insepultusque,
1107 3382 1139 3432 R.
1164 3380 1202 3428 in-

81 3440 192 3507 aepultia,
210 3438 281 3505 αβγ.
301 3483 333 3492 ..
351 3444 464 3503 obsimus,
476 3445 526 3494 R¹.
545 3484 577 3492 -
597 3442 704 3511 legimus,
720 3446 769 3495 R'2.
789 3486 821 3496 ..
839 3447 979 3510 exprobare,
996 3445 1045 3497 R¹.
1065 3487 1096 3496 ..
1114 3456 1202 3507 mmen,

80 3510 130 3560 Rt
150 3549 182 3558 ..
200 3509 263 3572 ipso,
275 3510 324 3559 R¹.
343 3550 375 3559 ..
393 3508 513 3572 subducit,
525 3512 574 3561 R².
593 3553 624 3562 ..
644 3510 757 3574 dincrim,
768 3526 792 3562 σ.

115 3611 201 3672 §roo
218 3622 346 3671 consensu,
363 3612 395 3660 Β.
414 3651 446 3659 -
462 3611 612 3674 qlobumque,
630 3613 705 3661 noo.
728 3612 823 3676 plobum
840 3628 915 3676 quem,
936 3604 982 3661 Or.
1001 3652 1033 3662 ..
1056 3611 1201 3673 eucellitate,

80 3677 129 3726 ut.
149 3716 181 3723 -
198 3676 287 3740 capita,
299 3680 340 3726 a'2.
358 3676 711 3742 cuncta,1ta¹drr(Robert.)
734 3687 885 3740 cunctarum,
897 3680 930 3729 K.
950 3719 981 3728 ..
1000 3680 1097 3738 ambitu,
1109 3695 1132 3728 a.
1156 3677 1201 3730 bo-

81 3741 144 3802 bn'tu,
161 3743 266 3792 Robert.
290 3745 403 3805 ambitus,
420 3745 473 3794 Rs.
492 3785 525 3794 ..
543 3743 624 3806 efficit,
641 3746 665 3795 Β
676 3749 690 3795 ¹.
711 3788 740 3796 -
760 3755 877 3807 naturae,
889 3748 942 3795 Ra.
960 3753 1060 3805 natura,
1072 3745 1118 3795 Τὰ
1134 3742 1200 3807 (Βο-

79 3807 158 3871 bert.)
176 3849 207 3858 ..
226 3809 296 3871 ratio,
319 3811 400 3860 omitt.
418 3812 511 3861 RTad
528 3809 660 3874 (Robert.)
680 3854 710 3863 -
728 3813 829 3872 lisdem,
845 3814 870 3862 Β
890 3809 970 3873 (unde
987 3808 1075 3861 iisdem
1091 3812 1200 3878 scripsi.)

80 3873 179 3937 eisdem,
197 3871 287 3940 adssr.
307 3917 337 3927 ..
356 3876 489 3939 attulimus,
507 3877 522 3938 ξ
540 3884 563 3928 5.
581 3920 613 3929 ..
632 3877 696 3929 illud
713 3897 772 3930 cauo
789 3880 816 3928 in
827 3895 853 3927 ae
865 3877 1033 3938 convexitatis,
1045 3879 1148 3930 Robcrt.
1168 3920 1199 3930 ..

80 3940 193 4004 cardine,
210 3944 315 3993 Robert.
339 3985 370 3995 ..
394 3960 433 4003 ac,
450 3946 494 3993 cd.
512 3943 556 4004 od,
573 3948 604 3996 Β
624 3953 705 4006 atque,
725 3943 775 4010 βγ.
796 3946 856 3995 Vid.
878 3946 910 3994 ud
924 3948 967 4004 32,
985 3950 1026 3994 24.
1047 3984 1075 3994 ..
1096 3945 1199 3996 intuma.

80 4008 167 4068 acenti,
183 4011 228 4059 ad.
253 4008 427 4068 intumescente,
443 4012 474 4062 Β
497 4009 713 4071 inmatumcscenti,
725 4012 829 4062 Robora
851 4018 876 4058 et
888 4010 1063 4072 intumescenti,
1080 4029 1101 4062 r.
1120 4053 1151 4064 ..
1170 4031 1200 4066 ex

80 4083 185 4139 utraque
193 4084 273 4140 parte,
285 4093 304 4126 r.
324 4118 353 4128 ..
371 4077 536 4142 protenditur,
547 4079 596 4129 nt
606 4075 767 4142 portenditur,
778 4079 881 4129 Illud&
897 4077 1053 4144 portenditur
1066 4090 1144 4145 porte,
1156 4085 1198 4131 d2.

81 4141 231 4201 extenditur,
243 4159 264 4191 r.
284 4183 314 4193 -
333 4152 368 4206 at,
380 4147 411 4195 Β.
431 4162 454 4205 a,
467 4146 512 4194 ad.
532 4184 563 4193 ..
582 4142 740 4206 volubilitate,
752 4147 776 4197 Β
787 4149 801 4195 ¹.
