2714 4710
113 337 168 378 mv
582 332 771 376 Pnnnnnnw.

113 495 203 564 caput
223 505 259 545 ea
278 487 315 546 de
334 505 425 546 causa
443 487 609 546 accuratius
623 485 811 563 pertractavi,
831 484 901 559 quia
920 483 1081 551 certissime
1099 483 1169 542 inde
1186 484 1236 544 iu·

113 597 206 655 dicari
225 602 332 672 potest,
354 612 413 670 quo
433 603 516 654 statu
534 595 601 653 libri
619 595 739 670 triginta
759 594 871 670 priores
891 588 973 669 (nam
986 591 1096 652 librum
1108 591 1237 669 primum

113 706 210 764 minus
229 707 286 764 hoc
305 706 371 763 loco
391 703 421 763 in
441 720 562 762 censum
582 704 682 762 venire
699 694 890 781 intelligitur)
908 701 947 759 ad
966 719 1020 760 nos
1033 701 1236 778 pervenerint,

113 815 166 874 ubi
183 814 242 872 tale
261 812 426 870 subsidium
445 798 664 884 emandationis,
687 811 775 887 quale
793 816 838 869 ast
855 809 893 882 B,
918 828 979 869 non
997 811 1090 869 adest.
1122 810 1236 870 Multas

112 923 201 981 etiam
220 940 274 996 per
292 921 347 980 hos
365 921 455 980 libros
469 921 591 980 lacunas
604 921 635 979 in
656 921 782 980 diversis
796 918 941 978 oodicbua
956 925 1074 977 exstare
1088 926 1120 977 et
1131 919 1237 998 vulga·

112 1038 174 1089 tam
190 1026 207 1110 β
222 1022 276 1087 1010
282 1047 399 1105 qnoque
412 1028 492 1088 haud
505 1048 574 1088 raro
588 1029 749 1105 pleniorem
763 1042 931 1104 essequam
945 1027 994 1087 vel
1014 1028 1108 1087 bonos
1122 1028 1237 1088 codices

113 1157 213 1197 omnes
227 1145 280 1198 aut
294 1147 371 1198 certe
386 1139 516 1215 singulos
531 1138 756 1197 commentarius
771 1136 984 1207 nosterdccet3
1004 1142 1036 1194 at
1053 1137 1150 1196 multe
1167 1136 1237 1214 plu·

112 1266 160 1306 res
184 1248 276 1306 latera
301 1255 331 1305 ct
354 1254 407 1306 aut
430 1264 553 1323 prorsus
579 1263 638 1303 non
661 1246 758 1321 detegi
777 1261 874 1322 posse,
899 1245 970 1319 quia
993 1243 1111 1303 nullum
1134 1258 1237 1303 earum

112 1357 272 1433 vestigium
293 1361 399 1427 exstet,
421 1360 474 1413 aut
491 1362 611 1432 propter
628 1354 879 1430 interpolationes,
903 1354 1012 1429 quibus
1035 1353 1149 1412 librarii
1171 1351 1237 1411 teli·

113 1465 168 1524 hus
188 1464 260 1522 locis
278 1463 427 1522 hiantibus
447 1466 675 1534 succurrebant,
703 1464 735 1521 id
755 1463 844 1522 modo
862 1481 916 1539 per
935 1462 1134 1521 coniecturam
1151 1460 1236 1533 effici,

112 1581 147 1632 ut
164 1572 296 1631 Plinium
316 1573 428 1647 aliquid
448 1572 599 1650 scripsisse
623 1573 763 1646 sciamus,
790 1573 869 1647 qnod
894 1589 954 1631 non
976 1571 1104 1650 amphus
1128 1576 1236 1642 000000,

112 1681 182 1759 quid
195 1682 345 1759 scripserit
357 1682 533 1755 nescimus,
555 1682 586 1740 id
607 1700 673 1740 oum
690 1700 744 1758 per
762 1699 794 1739 se
812 1687 874 1739 tam
887 1679 1038 1757 probabile
1051 1680 1101 1752 sit,
1121 1684 1157 1738 ut
1169 1696 1237 1756 pro·

112 1791 270 1868 pemodum
284 1797 397 1850 certum
411 1791 507 1850 dicere
520 1791 627 1867 possis,
641 1799 705 1849 tum
719 1788 1021 1866 Pseudo-Appuleius
1034 1787 1237 1848 Salmasiam

112 1905 143 1956 et
165 1899 302 1957 nonnulli
326 1898 384 1957 loci
407 1916 427 1956 0
450 1917 498 1956 me
522 1900 617 1958 notati
642 1900 856 1970 demonstrant,
880 1898 912 1957 in
938 1897 1044 1973 qulbus
1063 1897 1238 1955 lacunarum

113 2005 198 2081 signa
221 2005 449 2082 deprehendisse
466 2007 539 2066 mihi
557 2007 676 2078 vide0r3
701 2007 761 2066 vid.
782 2003 818 2080 2,
842 2002 914 2066 147.
939 2006 1008 2091 0011.
1032 2005 1239 2065 observatione

113 2123 216 2173 nostra
235 2108 288 2174 39.
309 2116 349 2172 ad
368 2115 493 2173 indicem
516 2115 586 2174 libri
606 2115 740 2188 secundi,
766 2123 830 2174 tum
854 2121 955 2174 notam
977 2110 1028 2173 12.
1051 2114 1091 2173 ad
1112 2113 1252 2191 indicem

112 2221 180 2282 libri
192 2217 254 2294 16.,
269 2241 359 2300 porro
373 2219 405 2295 4,
421 2219 494 2282 112.
508 2222 577 2282 0011.
587 2224 627 2282 ad
637 2219 689 2296 34,
704 2219 786 2296 149,
801 2224 927 2299 denique
937 2219 969 2295 4,
980 2218 1033 2282 49.
1045 2217 1097 2284 58.
1119 2217 1152 2295 6,
1164 2215 1238 2284 leb
1255 2302 1259 2309 1

116 2327 167 2407 11,
183 2327 256 2391 267.
1187 2338 1191 2345 “

154 2440 212 2498 His
230 2440 320 2516 igitur
332 2440 379 2521 ‚de
398 2439 525 2516 singulis
545 2441 691 2501 codicibus
712 2444 784 2501 satis
804 2444 932 2520 copiose,
952 2450 985 2501 00
1003 2459 1073 2513 non,
1099 2447 1133 2499 nt
1154 2448 1238 2518 pulc,

113 2549 193 2608 ultra
211 2549 418 2609 necessitatem
437 2549 593 2626 disputatis
612 2550 792 2625 loquendum
813 2558 859 2609 est
878 2553 916 2610 de
936 2551 1047 2610 ratione
1067 2567 1145 2625 qnae
1162 2551 1240 2609 inter

112 2657 180 2716 illos
198 2657 353 2716 intercedit
359 2674 369 2728 ;
394 2658 551 2716 revocandi
572 2667 642 2718 sunt
663 2660 701 2717 ad
721 2678 791 2719 suas
817 2661 926 2718 classes
945 2665 975 2717 et
993 2659 1139 2731 familias,
1166 2675 1240 2718 suus

113 2766 217 2841 cuique
236 2767 320 2825 locus
339 2765 544 2841 assignandus,
564 2772 689 2826 stemma
707 2786 820 2840 eorum,
846 2769 945 2843 quoad
963 2768 1027 2837 eius
1048 2766 1111 2826 fieri
1130 2772 1240 2845 potest,

113 2855 336 2952 proponendum
342 2915 354 2946 ,
373 2875 507 2952 corrupti
527 2894 547 2934 a
567 2877 664 2934 minus
681 2877 842 2954 corruptis,
868 2876 1036 2956 interpolati
1058 2877 1098 2936 ab
1116 2875 1240 2954 integris

114 2984 293 3058 secernendi,
318 2989 353 3043 ut
375 2985 477 3065 paneis
502 2985 608 3059 dicam,
634 2985 907 3059 demonstrandum,
935 2986 1055 3062 quinam
1078 2985 1241 3046 secundnm

112 3095 232 3171 regulas
256 3094 327 3154 artis
351 3100 382 3154 et
405 3094 504 3172 inepte
527 3095 646 3154 libidine
670 3101 769 3172 spreta
792 3115 864 3173 prae
884 3097 988 3155 ceteris
1008 3095 1068 3154 sint
1088 3093 1240 3170 sequendi,

114 3203 233 3278 quinam
254 3204 383 3263 secumdo
402 3206 469 3263 loco
487 3205 681 3280 supplementi
701 3205 795 3262 instar
812 3204 982 3282 usurpandi,
1002 3205 1125 3281 quinam
1147 3220 1240 3280 repu-

114 3311 223 3369 diandi.
244 3310 373 3385 Magnae
391 3329 463 3370 vero
480 3310 581 3371 hocin
595 3313 712 3388 negotio
726 3313 855 3372 versanti
870 3318 1029 3373 occurrunt
1041 3311 1240 3384 difficultates,

114 3436 241 3495 quarum
259 3419 355 3494 prima
374 3425 428 3492 est,
450 3420 530 3494 quod
547 3419 691 3479 naturalis
710 3420 842 3494 historia,
863 3439 938 3499 opus
959 3421 1080 3480 maximi
1098 3405 1240 3492 ambitus,

114 3527 173 3585 iam
194 3526 404 3586 vetustissimis
425 3527 604 3603 temporibus
624 3530 755 3589 lacerum
769 3532 857 3590 modo
870 3537 901 3588 00
913 3531 1116 3590 detruncatum
1129 3528 1162 3587 in
1172 3541 1240 3587 ma·

114 3657 171 3698 nus
191 3636 378 3696 librariorum
396 3635 557 3710 venit,¹qui
577 3639 699 3713 proinde
718 3640 756 3697 ad
776 3641 979 3716 apographum
997 3657 1086 3699 suum
1100 3637 1240 3717 supplan·

116 3747 187 3805 dum
200 3763 321 3822 prorsus
335 3744 484 3803 diversum
498 3746 626 3805 codicem
639 3750 847 3823 sequebantur,
862 3749 940 3807 unde
953 3748 1033 3807 haud
1046 3746 1244 3808 rarefactum

115 3863 171 3928 est,
190 3862 225 3913 ut
237 3853 325 3912 unius
340 3853 448 3912 codicis
461 3862 559 3931 partes
574 3856 709 3915 diversae
723 3856 870 3916 diversum
889 3856 1093 3935 apographum
1105 3857 1239 3916 reddant·

116 3965 183 4024 Hoc
195 3963 238 4023 ita
251 3962 363 4022 factum
376 3981 441 4024 0000
455 3983 522 4024 cum
536 3984 589 4042 par
603 3983 634 4023 se
652 3966 691 4024 sit
709 3966 868 4026 admodum
888 3967 1051 4045 probabile,
1071 3972 1137 4025 tum
1157 3967 1241 4026 docet

116 4073 199 4132 locus
213 4070 382 4152 Symmachi
401 4073 487 4150 epist.
504 4068 533 4146 1,
549 4070 601 4133 24.
620 4083 688 4150 post
701 4074 871 4134 Fabricium
884 4095 904 4135 a
916 4076 1009 4136 Iano
1028 4077 1059 4134 in
1079 4078 1240 4136 observati.

117 4181 191 4242 critt.
207 4199 237 4258 p.
253 4177 282 4241 7.
297 4189 365 4260 apte
379 4182 502 4243 allatus:
525 4181 580 4257 „Si
594 4191 623 4241 te
637 4202 720 4243 amor
732 4185 821 4244 habat
834 4186 978 4250 naturalis
993 4185 1137 4246 historiae
1151 4200 1238 4261 quam
