2714 4710
155 306 215 349 xrv
456 348 459 360 ,
622 305 812 350 rumano.
908 343 915 353 .

157 459 330 538 (observata
345 461 422 519 critt.
437 479 467 536 p.
484 453 542 541 6.),
557 459 730 519 ParIsiensis
744 481 763 518 a
782 478 841 518 non
862 477 957 536 pauca
975 460 1065 521 habet
1083 463 1203 538 propria
1217 472 1279 522 tam

154 574 234 630 bone
253 588 343 647 quam
362 570 435 628 vitia
454 576 485 626 et
503 568 751 645 interpolationes,
773 571 816 628 ita
834 578 868 628 ut
884 571 956 628 mihi
973 579 1051 629 certe
1064 578 1189 646 uterque
1201 573 1281 632 liber

153 699 214 741 non
232 698 271 738 ex
289 681 392 739 ecdem
412 677 582 754 archetypo,
600 679 652 736 sed
669 698 687 736 e
705 679 821 738 duobus
842 680 966 738 diversis
979 681 1136 754 codicibus,
1151 699 1280 757 quorum

152 791 266 850 librarii
290 790 392 848 eodem
417 790 576 866 archetypo
600 789 648 846 usi
671 797 770 860 erant,
796 790 934 865 descripti
952 807 1017 848 esse
1039 790 1209 863 videantur,
1235 794 1280 851 uti

153 898 303 961 nonnullis
316 898 346 956 in
359 897 453 970 libris,
468 896 560 956 veluti
573 896 659 970 XII,
678 897 773 985 magis
789 917 856 956 cum
869 899 890 955 d
904 900 1064 974 conspirat,
1079 898 1127 958 hic
1140 901 1280 960 codexiir

152 1009 236 1067 libris
251 1015 328 1065 certe
341 1006 498 1082 priombus,
513 1006 564 1064 ubi
573 1005 713 1064 Vossiani
724 1014 754 1064 et
763 1006 949 1065 Riccardiani
961 1009 1090 1067 codicum
1100 1011 1188 1085 primi
1197 1012 1278 1070 ordi·

152 1118 200 1204 nis
218 1116 376 1216 auctoritas
397 1117 488 1188 deest,
511 1115 631 1173 maximi
643 1121 690 1174 cst
704 1116 866 1174 habendus.
891 1115 939 1174 Ita
952 1134 1020 1175 curn
1033 1118 1148 1177 Ianus
1162 1120 1200 1177 ad
1214 1120 1277 1179 edi-

152 1225 261 1284 tionem
280 1225 415 1296 Broterii,
435 1243 496 1300 qua
512 1226 544 1282 in
565 1224 699 1282 omnibus
719 1225 781 1283 suis
800 1225 1004 1284 collatiom'bus
1024 1244 1096 1284 usus
1111 1234 1165 1301 cst,
1187 1222 1278 1288 modo

150 1337 261 1395 librum
274 1337 316 1395 11.
331 1334 371 1395 V.
386 1334 444 1393 VI.
464 1338 479 1404 ἕ
495 1329 588 1392 1-9.
602 1332 692 1391 XIV.
706 1333 936 1392 XIX-XXV.
954 1336 1141 1407 contulisset,
1162 1337 1278 1412 aliquot

152 1451 230 1504 certe
254 1445 341 1503 huius
366 1444 473 1502 codIcis
500 1444 609 1513 libros,
636 1443 687 1501 ubi
704 1442 756 1500 illa
775 1461 864 1501 causa
883 1445 939 1502 hoc
956 1444 1089 1519 flagitare
1108 1447 1275 1519 videbatur,

150 1550 232 1613 Iani
251 1554 399 1613 collationi
417 1553 540 1611 adiicere
560 1551 687 1610 maxime
707 1552 906 1610 desiderabam
927 1571 1020 1628 eaque
1034 1555 1071 1612 de
1089 1574 1179 1613 causa
1192 1556 1277 1614 Fri·¹

151 1664 313 1722 doricum
338 1663 552 1720 Diibnerum
571 1663 690 1737 rogavi,
709 1669 743 1720 ut
761 1662 903 1733 librorum
921 1660 948 1720 Ι.
968 1663 1043 1721 XII.
1062 1663 1153 1722 XIII.
1168 1664 1275 1725 XV-

73 1763 75 1766 ⁴
151 1771 273 1831 XVIII.
293 1772 414 1832 XXVI.
436 1771 574 1830 XXVII.
597 1771 715 1848 plenam
730 1779 759 1828 et
771 1772 880 1828 iustam
894 1771 1083 1830 collationem
1095 1774 1274 1833 instituerat.
1319 1823 1327 1837 .

152 1880 211 1954 Qui
228 1883 276 1941 vir
293 1888 354 1938 tam
374 1882 477 1939 doctus
496 1898 585 1955 quam
607 1882 710 1939 sellem
725 1881 886 1956 studiisque
899 1881 1048 1939 litterariis
1063 1883 1186 1957 aliorum
1199 1901 1275 1959 pro-

152 1991 303 2050 movendis
317 1998 415 2063 natus,
437 1990 521 2048 cuius
535 1990 572 2048 de
586 1989 645 2048 alia
659 2008 748 2065 opera
762 1989 879 2048 editioni
892 2008 975 2048 meac
988 1991 1122 2066 impensa
1134 1992 1212 2050 inira
1225 1993 1274 2052 lc-

152 2101 260 2176 quendi
274 2100 387 2158 occasio
401 2099 474 2157 mihi
488 2099 552 2170 erit,
566 2100 702 2174 precibus
715 2100 788 2157 meis
802 2100 919 2176 egregie
933 2099 1083 2173 satisfecit,
1102 2108 1137 2158 ut
1150 2103 1274 2177 proinde
1314 2167 1316 2171 ¹

152 2209 240 2267 huius
261 2209 367 2267 codicis
387 2229 416 2280 a,
439 2208 464 2266 si
476 2226 536 2265 non
555 2208 653 2284 plena,
674 2216 705 2265 at
724 2206 871 2266 sufficiens
890 2215 988 2266 tamen
1006 2209 1124 2268 collatio
1142 2211 1213 2269 mihi
1235 2213 1275 2271 sit

151 2327 269 2396 praesto
288 2325 318 2376 et
336 2316 522 2376 RIccardiani
541 2317 646 2375 codicis
664 2335 734 2393 pars
756 2318 864 2375 omissa
882 2316 1067 2391 aliquatenus
1089 2327 1168 2377 certe
1186 2322 1274 2380 resti·

151 2436 216 2487 tuta
230 2446 293 2486 esse
307 2427 362 2486 dici
375 2428 478 2504 possit.

195 2536 298 2596 Codex
315 2539 493 2597 Pariaiensia
507 2539 616 2612 Rapina
635 2531 728 2595 6796.
748 2536 787 2596 Α.
810 2529 859 2616 (b)
880 2534 1065 2598 colbertinus
1085 2540 1273 2598 membrana-

151 2666 221 2707 ceus
240 2647 311 2706 folio
329 2648 457 2706 maximo
476 2646 551 2705 binis
571 2647 714 2704 columnis
734 2664 810 2705 saec.
829 2645 903 2704 XII.
924 2656 1074 2720 exaratus,
1095 2648 1225 2707 continet
1237 2650 1273 2707 li·

150 2759 220 2816 bros
235 2755 384 2815 LXXI.
406 2755 553 2830 usquead
568 2757 658 2814 verba
672 2759 736 2814 item
751 2755 887 2814 stomachi
900 2765 926 2814 et
939 2759 1046 2815 ventris
1060 2760 1130 2816 vitta
1144 2761 1272 2818 modicia.

149 2867 247 2938 Iano,
262 2865 313 2940 qui
326 2865 488 2941 speciminis
501 2864 566 2922 loco
581 2883 619 2921 ex
632 2883 666 2922 eo
680 2864 825 2938 excerpsit
837 2856 880 2921 Π.
901 2867 925 2932 5.
943 2859 1057 2925 l..46.
1073 2864 1113 2925 V.
1129 2862 1240 2938 5145„
1255 2886 1273 2924 e

149 2976 246 3036 codice
265 2995 284 3034 a
304 2974 499 3051 transcriptus
519 2973 636 3031 videtur
657 2990 720 3030 esse
739 2991 832 3048 coque
851 2975 888 3032 ab
907 2973 1001 3031 altera
1020 2992 1109 3032 manu
1129 2983 1270 3048 correcto,

149 3087 227 3161 quod
244 3085 398 3156 iudicium,
421 3085 447 3141 si
464 3082 577 3142 librarii
594 3082 786 3158 negligentiae
807 3081 916 3156 abquid
937 3083 1066 3154 tribues,
1088 3084 1139 3142 vix
1158 3085 1271 3162 Impro-

147 3195 274 3255 baveris.

190 3300 292 3361 Codex
316 3279 494 3360 Pariaiensia
522 3303 631 3377 chius
654 3297 748 3360 6796.
774 3295 820 3381 (c)
844 3299 1031 3360 colbertinus
1049 3304 1173 3360 membr.
1199 3301 1271 3361 folio

146 3411 258 3470 minore
272 3410 348 3468 binis
363 3410 507 3468 columnis
522 3409 648 3484 scriptus
663 3429 679 3466 e
692 3410 820 3486 plurium
834 3411 1099 3487 manuscriptorum
1117 3411 1270 3487 fragmen-

145 3522 184 3579 tis
217 3520 337 3578 vidctur
365 3536 429 3577 essa
456 3518 646 3593 compositum
684 3520 814 3577 continet
841 3520 950 3579 librum
977 3520 1057 3577 XIV
1059 3562 1078 3591 .,
1107 3521 1173 3578 libr.
1195 3520 1260 3578 XV
1261 3563 1269 3578 .

145 3629 297 3706 usquead
318 3629 425 3686 verba:
445 3630 583 3685 malorum
599 3630 787 3705 pirorumque
805 3626 907 3704 penori
919 3632 1154 3701 adnumerentur,
1177 3629 1269 3689 libros

146 3737 359 3796 XVH.XX.
378 3737 538 3795 minoribus
558 3754 647 3810 quam
666 3739 779 3814 priores
793 3737 896 3796 litteris
913 3746 1048 3797 exaratos
1062 3747 1181 3815 tamque
1195 3735 1268 3800 Ric-

146 3848 282 3906 cardiano
297 3846 450 3917 similibus,
475 3852 510 3903 ut
533 3846 626 3905 Iano
650 3847 745 3904 iudica
769 3846 847 3904 illius
867 3847 1063 3922 fragmentum
1089 3851 1145 3908 hoc
1165 3851 1268 3908 haberi

145 3957 246 4033 possit.
274 3955 365 4014 Liber
377 3955 452 4014 XX.
473 3956 593 4014 mutilus
619 3964 673 4028 est,
698 3957 769 4013 item
789 3956 840 4031 qni
859 3967 1022 4032 sequuntur
1040 3958 1109 4016 libri
1122 3958 1217 4016 XXI.
1236 3966 1268 4015 ct

144 4064 252 4123 XXII.
278 4063 353 4124 Octo
373 4065 445 4124 folia
458 4065 487 4124 in
501 4067 560 4123 fine
575 4067 689 4124 adiecta
703 4065 808 4124 litteris
822 4067 980 4126 maioribus
994 4068 1102 4145 scripta
1117 4077 1147 4125 ct
1160 4040 1288 4144 prioris

144 4177 212 4246 bus,
223 4183 255 4234 ut
267 4176 391 4249 videbar,
403 4176 568 4250 antiquiora
579 4175 728 4234 continent
738 4182 852 4251 partem
862 4177 964 4235 indicis
975 4177 1043 4237 libri
1053 4178 1172 4248 XXX,
1187 4197 1266 4252 qua·
