2714 4710
569 295 678 342 mana
700 268 738 342 1.'
1161 277 1201 341 31

82 474 119 517 se
128 451 152 490 ⁴¹
170 447 289 514 ineant.
314 445 407 528 Quae
428 447 614 535 longissima
628 448 695 513 vita
709 446 855 534 piscium.
880 445 962 527 Quis
977 447 1098 532 primus
1113 446 1202 511 viva-

80 554 131 618 ria
160 561 337 616 ostrearum
366 548 533 614 invenerit.
571 547 655 630 Quis
689 549 811 634 primus
843 549 1039 632 reliquorum
1067 548 1204 633 piscium

80 653 206 719 vivaria
240 651 414 716 instituerit
431 657 469 715 ⁴².
517 649 600 730 Quis
632 673 835 715 murenarum
868 651 988 715 vivaria
1020 650 1203 714 instituerit.

80 754 228 842 Insignia
247 752 442 839 piscinarum
450 753 484 816 4⁸.
521 751 603 832 Quis
624 752 747 837 primus
771 752 950 816 coclearum
970 750 1092 816 vivaria
1112 751 1205 815 insti-

53 876 56 882 ·
82 858 190 922 tuerit.
219 854 332 919 Pisces
348 855 474 919 terreni.
504 852 558 918 De
573 854 717 918 muribus
731 853 765 917 in
778 852 852 920 Nilo
861 856 896 917 ⁴4.
921 851 1093 935 Quomodo
1117 853 1206 938 capi-

82 968 180 1023 antur
213 956 339 1022 anthiae
370 957 486 1042 pisces.
531 955 584 1019 De
615 956 715 1020 stellis
741 956 882 1020 marinis.
923 954 978 1018 De
1006 955 1207 1039 dactylorum

81 1058 257 1124 miraculis.
301 1057 354 1121 De
385 1056 559 1121 inimicitiis
585 1055 669 1120 inter
697 1079 731 1120 se
760 1057 947 1140 aquatilium
982 1066 1014 1120 et
1046 1057 1204 1121 amicitiis.

83 1159 237 1226 Summa:
260 1181 313 1224 res
335 1169 367 1222 et
386 1157 537 1222 historiae
560 1167 593 1221 et
613 1157 853 1222 observationes
874 1161 992 1221 ronst.

126 1261 185 1327 Ex
206 1260 460 1324 Adeamus:
494 1257 651 1321 Turranio
674 1255 795 1324 Gracili
804 1262 839 1337 ⁴⁶,
863 1257 983 1346 Trogo,
1006 1257 1206 1336 Maecenate,

39 1418 41 1422 ,
81 1363 173 1430 Alfio
181 1365 207 1403 ⁴⁷
222 1360 324 1428 Flavo
332 1363 368 1438 ⁴⁸,
393 1357 543 1425 Cornelio
564 1358 700 1445 Nepote,
723 1359 863 1426 Laberio
885 1360 1119 1448 mimographo,
1140 1358 1207 1424 Fa-

82 1466 192 1542 biano,
223 1462 416 1539 Fenestella,
439 1460 602 1539 Muciano,
625 1461 721 1528 Aelio
746 1460 879 1541 Stilone,
909 1460 1013 1527 Statio
1023 1466 1047 1503 ⁴⁹
1071 1459 1206 1538 Seboso,

83 1564 234 1642 Melissa,
266 1560 401 1640 Seneca,
433 1559 600 1640 Cicerone,
631 1561 744 1627 Macro
771 1563 923 1639 Aemilio,
954 1562 1098 1628 Messala
1125 1560 1207 1627 Cor-

85 1667 174 1746 vino,
197 1664 317 1731 Trebio
338 1663 451 1751 Nigro,
472 1663 615 1751 Nigidio.
1261 1737 1267 1753 ἱ

128 1768 334 1833 umanum:
357 1766 543 1843 Aristotele,
565 1765 725 1830 Archelao
747 1787 834 1853 rege,
859 1762 1064 1841 Callimacho,
1085 1761 1210 1827 Demo·

85 1871 180 1949 crito,
200 1867 433 1953 Theophrasto,
456 1865 636 1950 Thrasyllo,
652 1865 905 1954 Hegesidemo⁶⁰
924 1863 1109 1949 Cythnioffl,
1129 1864 1209 1930 Ale-

85 1972 211 2038 xandro
232 1969 440 2055 polyhistore.

351 2139 502 2215 LIBRO
529 2140 574 2215 X.
603 2139 959 2216 CONTINENTUR

86 2274 268 2342 Volucrum
289 2276 451 2337 naturae¹.
474 2270 527 2337 De
542 2272 797 2338 struthocamelo
820 2271 896 2336 De2
916 2272 1081 2356 phoenice.
1104 2272 1211 2354 Aqui-

86 2378 195 2455 larum
215 2397 336 2463 genera
343 2399 352 2453 ;
380 2383 495 2438 natura
517 2396 641 2451 earum3
670 2373 798 2456 quaudo
819 2374 982 2460 legionum
1004 2373 1117 2459 signa³
1140 2393 1212 2436 esse

87 2476 271 2564 coeperint3
302 2476 343 2540 de
365 2476 472 2559 aquila
494 2497 576 2559 quae
603 2475 638 2538 in
659 2496 775 2561 rogum
795 2475 929 2561 virginis
955 2497 989 2538 se
1010 2474 1106 2539 misit
1138 2472 1213 2538 De⁴

83 2581 225 2647 ‚volturc
250 2575 444 2660 Sanqualisl
465 2577 543 2641 avis.
565 2575 794 2641 Inmussulus⁶.
822 2575 1016 2662 Accipitres.
1037 2574 1152 2640 Buteo.
1173 2573 1213 2638 In
1319 2651 1322 2655 .

88 2679 212 2766 quibus
229 2679 309 2746 locis
325 2678 477 2743 societate
492 2677 660 2762 accipitres
676 2687 708 2741 et
722 2677 865 2741 homines
886 2689 1095 2763 aucupentur.
1119 2676 1213 2757 Quae

88 2782 160 2848 avis
186 2780 256 2846 sola
281 2802 301 2844 a
328 2800 387 2844 suo
408 2800 527 2866 genere
553 2777 761 2841 interimatur.
796 2776 889 2857 Quae
916 2779 984 2843 avis
1006 2779 1132 2865 singula
1153 2799 1214 2841 ova

89 2883 207 2971 pariat.
239 2879 344 2949 Milvi.
377 2880 526 2968 Digestio
554 2880 660 2944 avium
681 2901 740 2965 per
761 2901 890 2966 genera.
923 2878 976 2943 De
1004 2879 1214 2963 inauspicatis

90 2984 218 3052 avibus.
252 2981 407 3048 Comices
415 2985 436 3046 ⁷.
471 2978 598 3061 Quibus
619 2980 783 3044 mensibus
809 3001 875 3042 non
902 2979 966 3042 sint
986 2979 1212 3062 inauspicatae.

89 3086 150 3155 De
175 3085 291 3153 corvis.
324 3084 378 3150 De
400 3083 538 3150 bubone.
576 3082 630 3145 De
652 3080 786 3146 avibus8
810 3102 946 3163 quarum
967 3080 1033 3143 vita
1053 3088 1110 3143 aut
1130 3079 1214 3143 noti-

93 3188 163 3260 62⁹
184 3187 358 3252 intercidit.
400 3183 493 3266 Quae
522 3207 542 3248 a
570 3182 673 3247 cauda
692 3192 873 3246 nascantur.
910 3180 963 3248 De
992 3180 1129 3251 noctuis.
1161 3179 1215 3245 De

92 3429 205 3491 abaci,
216 3428 269 3479 Td.
280 3428 322 3479 De
334 3429 424 3489 ostreh,
437 3430 488 3478 Ra.
513 3433 554 3477 ta.
566 3426 677 3493 Insiynio
685 3427 840 3492 piscinarum,
853 3427 906 3476 Td.
920 3426 1047 3477 Omittunt
1058 3429 1109 3478 Ra.
1139 3429 1214 3478 ltin

40 3532 44 3541 .
92 3494 250 3557 matut
265 3495 373 3555 Ilias.
409 3492 686 3556 tamnatha,
703 3496 756 3545 Td.
801 3501 841 3544 ts.
862 3493 1086 3555 armandas.
1108 3495 1213 3546 Atria

93 3564 208 3615 indicem
227 3563 285 3614 libri
304 3564 353 3614 III.
375 3578 432 3612 cum
453 3563 562 3612 lectione
580 3564 657 3612 varia.
702 3567 742 3613 47.
764 3562 837 3626 Alfio,
858 3564 910 3613 Td.
931 3562 1010 3624 Aloio,
1027 3564 1077 3613 Ra.
1095 3562 1214 3624 Albium
1288 3601 1294 3625 ,

92 3628 184 3696 (codd.
195 3628 323 3692 Bassa)
359 3637 400 3680 48.
417 3630 505 3692 Flavo,
517 3633 596 3681 RTa.
609 3631 706 3692 flavio,
723 3634 756 3681 dr
768 3629 854 3693 (codd.
871 3627 997 3691 Barbari.)
1014 3631 1051 3680 At
1062 3631 1112 3679 vid.
1126 3630 1212 3679 Garat.

92 3698 294 3751 ancarano.
308 3715 332 3762 p.
347 3704 404 3748 239.
417 3701 455 3748 ed.
469 3698 512 3749 Or.
547 3705 588 3748 49.
609 3698 694 3759 Statio,
711 3700 763 3749 Td.
780 3703 814 3764 p,
833 3702 864 3750 Β.
877 3699 908 3748 In
925 3716 940 3748 a
957 3699 1056 3748 lacuna.
1102 3704 1141 3747 50.
1164 3699 1213 3747 Ae-

92 3765 223 3835 pa’dm,
234 3782 248 3816 r
258 3763 344 3828 (codd.
357 3764 484 3827 Barbari.)
520 3773 559 3816 51.
577 3764 681 3833 Cythnio,
694 3767 724 3816 T.
747 3767 845 3834 Cydnio,
857 3783 870 3816 r
882 3763 967 3828 (codd.
980 3763 1106 3828 Barbari.)
1118 3766 1213 3826 audino,

93 3837 139 3889 ad.
152 3832 265 3901 διάγω,
277 3836 302 3884 Β
312 3837 325 3882 ¹.
340 3831 441 3896 Sudine,
452 3836 501 3884 R2.

10 3894 31 3955 [J.
124 3902 295 3955 minuam
306 3902 365 3951 utri
376 3903 410 3951 x.
428 3902 532 3951 aaran
544 3902 628 3951 nra
646 3903 686 3952 ne
703 3919 718 3950 a
733 3902 783 3950 vis.
800 3903 832 3950 aa
843 3902 937 3951 irarum
948 3903 981 3951 11.

127 3976 153 4023 1.
172 3968 298 4021 altorum
309 3978 418 4030 naturae,
432 3970 526 4018 omittit
537 3984 556 4016 r.
597 3975 620 4017 2.
639 3970 686 4029 De,
699 3970 729 4018 Τ.
743 3968 871 4034 Omittunt
882 3971 932 4020 Ra
967 3976 990 4019 3.
1008 3969 1078 4034 siqua
1090 3968 1214 4034 legionum,

10 4036 17 4085 i
93 4038 125 4089 B.
160 4040 188 4087 4.
207 4037 260 4099 De,
277 4038 308 4087 T.
328 4037 455 4086 Omittunt
471 4039 522 4086 Rs.
565 4040 587 4084 5.
611 4034 755 4098 sanqualis,
772 4036 925 4085 Hsrduinus.
950 4034 1091 4102 Sunyuolis,
1109 4039 1139 4086 Β.
1164 4039 1215 4087 Au-

10 4098 19 4121 Γ
95 4104 306 4240 md.
325 4104 500 4165 inmaculata.
533 4106 554 4154 7.
572 4102 613 4152 De
624 4103 781 4167 inauspicatis
793 4104 887 4153 corbas.
900 4105 1011 4164 commeo,
1023 4106 1074 4154 Ra.
1097 4102 1215 4154 cornices.

10 4240 16 4261 ι.

10 4274 19 4311 l-

196 4173 203 4185 ’
285 4189 352 4232 aver,
365 4173 416 4222 Td.
457 4179 480 4222 8.
498 4170 538 4220 De
551 4171 707 4231 auctualta
726 4171 797 4231 Aves,
810 4172 862 4222 Td.
903 4178 925 4223 9.
944 4172 1027 4221 nordio
1044 4181 1087 4221 aut
1104 4172 1171 4232 vitia,
1184 4174 1214 4222 Β
