2714 4710
140 345 267 390 nxxxlv
606 343 795 388 autentum.

99 542 105 553 .
140 498 263 560 debetur
280 506 311 558 et
327 495 580 558 Oonetentino
599 493 832 569 Streub‘eiio‚
856 495 909 574 qui
927 496 1005 557 mira
1022 497 1177 560 oculum
1194 487 1261 562 atn‘a

138 626 235 687 ncqm
255 608 368 669 minere
386 624 457 668 eura
474 605 612 683 plagulae
631 611 763 666 recentes
776 605 979 684 perlustravit,
997 616 1028 667 et
1039 607 1097 686 ipei
1108 605 1261 673 thate-

137 735 287 789 manue,
309 716 375 792 qui,
395 732 456 774 unu
474 722 627 774 contentus
646 716 684 775 ab
698 715 756 775 hac
767 732 884 793 quoque
897 723 982 794 parte
997 715 1077 777 libro
1087 718 1149 778 iam
1161 720 1262 798 prodi·

137 836 208 888 turo
226 842 347 887 menum
366 824 527 884 edntarem
545 824 705 885 odmovera
722 825 911 900 mundaeque,
930 825 1045 903 siquae
1059 845 1132 888 meu
1144 829 1262 889 nectite·

137 942 222 1008 rant,
246 934 408 1011 cornigera,
434 952 454 992 a
472 933 618 1012 meipso,
642 939 678 994 ut
693 935 745 1007 flt,
769 934 802 993 in
820 935 972 996 eeuibendo
984 937 1130 1024 mena
1143 954 1261 998 arurae

137 1044 302 1122 mlanfiqua
319 1043 422 1121 lapsus
441 1049 525 1103 tanta
541 1043 700 1120 sagacitate
720 1051 767 1103 cat
782 1043 922 1117 rinuatue,
940 1051 977 1107 nt
994 1051 1026 1107 at
1041 1063 1109 1106 meo
1126 1055 1157 1107 et
1168 1047 1262 1108 Plinii

137 1155 256 1214 nomine
269 1153 297 1212 ei
309 1158 465 1231 propterea
478 1169 568 1229 qnam
579 1153 707 1211 maxime
717 1152 773 1212 aim
783 1153 951 1214 obetuictue.
972 1134 1079 1229 Quain
1088 1154 1260 1216 laudatione

138 1282 205 1324 cum
218 1258 410 1323 libentia'einne
418 1261 573 1340 praefandi
584 1262 673 1322 finem
685 1262 804 1337 faciam,
816 1262 890 1325 nihil
899 1263 973 1323 mihi
985 1262 1141 1324 dicendum
1152 1271 1260 1339 recht,

137 1372 196 1431 uici
213 1373 270 1432 huc
290 1390 394 1444 nuum,
415 1372 511 1453 mein
530 1372 639 1449 optetis
657 1370 777 1446 habere,
798 1391 837 1432 nc
854 1374 989 1451 egregim
1005 1373 1073 1432 illue
1093 1373 1186 1448 viros,
1207 1374 1260 1449 qui

138 1498 323 1558 quecumque
341 1482 460 1540 demum
477 1482 591 1542 ratione
610 1489 646 1541 nt
658 1481 715 1541 hoc
727 1499 803 1559 opus
815 1483 946 1561 prodiret
962 1483 1131 1557 effecerunt,
1148 1483 1259 1545 veluu-

137 1589 208 1650 tatis
219 1606 291 1650 cuae
304 1591 460 1669 poeniteat.

181 1749 352 1855 Scribebatn
365 1749 534 1811 Dreedae
547 1751 619 1830 ipsis
633 1749 764 1811 kalendis
778 1749 922 1811 Ianuariis
934 1746 1130 1811 MDCOOLI.

559 2767 823 2859 MONITUM.

174 2970 222 3030 De
242 2970 420 3048 compendiis
439 2969 616 3049 scripturae,
638 2971 745 3047 quibua
764 2972 797 3031 in
816 2970 1023 3033 commentario
1044 2970 1255 3031 conscribendo

131 3097 204 3141 uene
223 3100 302 3152 eum,
322 3080 354 3141 iu
370 3082 436 3158 ipae
455 3081 635 3160 praefatione
654 3081 770 3141 abunde
793 3081 886 3158 egisse
902 3087 986 3160 puto,
1007 3087 1037 3139 et
1071 3079 1254 3142 ecodieibue

131 3190 251 3264 quidem
266 3210 296 3268 p.
310 3187 395 3250 LIV.
405 3209 483 3267 eqq.‚
498 3192 535 3250 da
551 3192 695 3269 ecniptura
705 3210 776 3253 vero
795 3190 926 3268 vulgata,
940 3199 1085 3269 quatenus
1152 3209 1189 3248 ea
1200 3208 1253 3249 uo·

131 3307 193 3357 etia
203 3299 334 3357 recensio
344 3299 476 3371 discedit,
486 3318 517 3377 p.
529 3297 638 3373 Lm
648 3318 714 3377 aqq.
734 3301 802 3361 Hoc
811 3295 878 3361 loco
893 3300 924 3361 id
933 3319 1026 3361 unum
1038 3300 1070 3360 in
1079 3294 1252 3381 memoriam

130 3406 274 3465 lectorum
293 3407 493 3467 revocandum
506 3425 570 3466 eece
583 3409 696 3485 putavi,
710 3429 765 3487 par
778 3410 906 3470 litterum
922 3405 939 3493 β
953 3409 1078 3472 indicari
1095 3410 1252 3471 editionem

129 3512 398 3594 Daleoampiauam,
412 3535 466 3595 pen
479 3534 496 3594 γ
510 3514 723 3578 Broteriauam.
1286 3498 1290 3509 ¹
