2714 4710
595 292 784 336 ammio.
1218 298 1255 338 XI

129 443 273 501 manneae
297 435 389 515 1544,
411 442 528 503 annuus
548 441 739 521 Antwerpiac
758 439 840 505 1547
857 445 1049 525 edium-post
1063 465 1131 506 eum
1146 447 1253 508 Schot-

129 561 178 612 tns
192 553 225 610 in
238 552 493 612 observationibus
507 560 537 612 at
548 551 650 613 Surita
662 555 695 613 in
708 555 915 614 commentario
929 557 969 614 ad
981 557 1129 616 itineraria
1142 565 1252 619 vetera.
1308 582 1311 587 ·

128 661 204 720 Inde
224 679 293 720 cum
314 662 500 739 perspicuum
520 671 606 736 esset,
629 662 708 723 hunc
719 665 859 724 codicem
873 665 956 724 libris
970 668 1177 744 manuscriptis
1191 676 1255 729 tum

128 771 207 831 notis
229 772 346 848 optimis
367 790 431 831 csse
452 774 674 844 accensendum,
697 774 829 832 editionis
851 775 942 833 Plinii
962 794 1058 835 novae
1079 795 1150 836 cura
1163 778 1195 836 in
1208 795 1256 836 mc

128 882 256 957 recepta,
278 882 367 941 huius
388 883 497 942 codicis
518 902 627 942 novam
649 901 774 959 eamque
794 885 956 961 pleniorem
977 886 1163 945 collationem
1177 878 1256 946 desi·

127 992 279 1063 donabam,
301 992 385 1050 cuius
406 993 469 1050 voti
490 1001 524 1050 ut
545 1012 665 1070 compos
686 994 786 1053 fierem
807 995 954 1069 quomodo
976 995 1142 1071 contigerit,
1166 1013 1257 1074 supra

128 1103 262 1177 exposui.
285 1098 401 1160 Codicis
419 1104 592 1180 excerpendi
606 1122 714 1163 munus
729 1104 936 1164 demandatum
950 1112 995 1164 est
1008 1107 1124 1165 duobus
1134 1106 1255 1182 presby·

127 1211 200 1270 teris
225 1211 366 1271 ccclesiae
388 1212 565 1284 Toletauae,
591 1214 669 1272 hanc
694 1214 845 1289 ipsam‘in
873 1232 936 1272 rem
956 1233 1010 1291 per
1031 1188 1122 1274 unum
1145 1233 1256 1275 annum

127 1319 266 1379 omnibus
283 1321 350 1379 suis
370 1321 494 1394 reliquis
509 1322 631 1398 negotiis
645 1323 759 1394 solutis,
774 1322 815 1381 D.
830 1322 990 1381 Thomae
1008 1323 1102 1382 Ruia
1120 1322 1256 1400 Agudo

127 1437 160 1486 et
179 1428 220 1486 D.
241 1428 471 1488 Fordinando
491 1429 631 1502 Prieto,
653 1432 705 1507 qui
725 1433 842 1508 negotio
863 1433 895 1490 in
916 1431 1080 1508 Hispania,
1103 1433 1148 1491 uti
1167 1432 1256 1492 huius

127 1545 226 1597 terrae
252 1537 321 1596 inde
346 1540 494 1616 exlongo
515 1546 646 1617 tempore
667 1550 714 1601 est
734 1535 878 1612 conditio,
905 1549 983 1600 certe
1003 1559 1062 1600 non
1084 1559 1171 1617 saepe
1191 1549 1255 1600 tra·

128 1653 208 1706 etate
229 1654 312 1705 tanta
333 1667 399 1707 cum
422 1668 493 1708 cura
514 1658 583 1708 sunt
603 1649 707 1721 innon,
728 1657 762 1708 ut
782 1649 927 1707 maximae
939 1650 975 1706 iis
989 1648 1103 1722 gratiae
1115 1650 1255 1708 volunta·
1281 1710 1283 1715 Α

127 1756 168 1815 tis
190 1771 259 1814 suae
281 1763 312 1815 et
332 1757 499 1833 diligentiae
521 1759 580 1817 sint
600 1736 740 1834 agendae.
771 1756 935 1815 Praeterea
962 1758 1034 1816 satis
1055 1758 1145 1833 longa
1168 1775 1256 1834 prae·

126 1849 238 1925 latione
263 1875 292 1925 et
320 1868 450 1926 codicem
474 1868 573 1944 ipsum
600 1876 629 1926 et
655 1885 738 1927 suam
763 1867 870 1942 agendi
890 1867 1033 1927 rationem
1055 1868 1206 1944 eleganter
1226 1873 1256 1926 et

127 1975 214 2035 docte
234 1977 462 2053 descripsertmt,
491 1997 550 2053 qua
571 1997 610 2035 ex
630 1977 820 2054 praelatione,
841 1977 883 2034 rei
903 1977 1042 2036 novitatis
1064 1995 1165 2048 causa,
1187 1995 1256 2037 cum

128 2103 170 2142 ex
189 2084 333 2161 Hispania
353 2105 431 2146 nunc
453 2088 504 2146 vix
524 2087 582 2145 alia
603 2088 653 2145 via
674 2087 834 2145 afferantur
846 2083 963 2165 Latina,
985 2087 1044 2145 iam
1058 2104 1149 2163 supra
1162 2105 1254 2163 quae·

125 2195 197 2252 dam
217 2195 396 2272 transcripsi,
417 2197 475 2254 alia
488 2198 694 2267 transcribam3
718 2196 845 2270 denique
858 2204 920 2254 tam
934 2196 1040 2255 eximia
1054 2197 1255 2272 constantique
1330 2202 1336 2207 ’

123 2304 239 2363 litteras
265 2306 402 2382 pingendi
430 2307 575 2380 elegantia
602 2323 655 2382 per
680 2313 834 2363 sexcentas
860 2305 964 2380 iiginti
989 2305 1113 2381 paginas
1142 2305 1255 2366 formae

124 2415 274 2472 maximae
295 2424 365 2473 sunt
385 2416 442 2488 usi,
465 2423 499 2474 ut
518 2417 598 2473 haud
621 2415 682 2473 scio
703 2432 742 2472 au
763 2414 925 2488 quidquam
946 2414 1065 2472 nitidius
1086 2415 1117 2472 in
1130 2417 1188 2473 hoo
1201 2432 1257 2489 ge·
1323 2443 1325 2447 ·

122 2541 197 2583 nere
216 2524 340 2583 inveniri
361 2526 475 2600 possit·
498 2525 614 2582 Testati
637 2525 725 2582 etiam
745 2524 802 2581 hoe
824 2528 894 2580 sunt
914 2523 1027 2581 librarii
1047 2522 1139 2597 Regis
1159 2525 1253 2583 nostri
1303 2499 1304 2504 ἵ

121 2633 199 2691 artis
229 2651 299 2692 suae
329 2634 510 2710 peritissimi,
538 2639 578 2706 ,et
603 2632 845 2708 chalcographiae
873 2632 974 2709 potius
999 2648 1088 2706 quam
1115 2633 1253 2692 librariae

120 2743 197 2802 artis
229 2741 304 2800 illud
337 2744 478 2802 volumen
505 2744 593 2802 dicas.
631 2741 828 2802 Contulerunt
856 2749 954 2801 autem
980 2742 1027 2800 illi
1051 2742 1107 2800 viri
1132 2740 1253 2801 Summa

119 2850 287 2910 Reverendi
322 2853 449 2911 codicem
484 2853 662 2911 Toletanum
699 2870 766 2911 cum
800 2852 943 2910 editione
962 2850 1146 2928 Dalecampii
1181 2853 1251 2909 anni

118 2958 383 3021 MDLXXXVH.
412 2981 447 3020 ea
472 2950 544 3021 fere*
558 2963 680 3034 ratione,
711 2980 771 3035 qua
797 2962 916 3019 saeculo
938 2961 1062 3035 septimo
1084 2961 1197 3018 decimo
1222 2969 1253 3021 et

119 3077 229 3129 octavo
249 3077 318 3129 ante
338 3071 531 3147 philologiam
550 3072 581 3128 in
602 3079 697 3128 artem
718 3078 808 3143 atque
829 3068 1013 3144 disciplinam
1032 3068 1181 3142 redactam
1196 3070 1253 3128 viri

119 3180 205 3238 docti
229 3183 396 3240 utebantur.
428 3181 598 3257 Presbyteri
626 3178 735 3237 scilicet
762 3177 887 3253 Hispani
907 3177 943 3234 de
965 3178 1021 3236 hac
1041 3179 1136 3237 reita
1157 3180 1251 3237 disse·

117 3299 262 3349 ruerunt:
298 3290 377 3362 „Ad
408 3307 565 3350 numerum
597 3307 668 3348 vero
700 3297 729 3346 et
761 3287 933 3362 qualitatem
962 3288 1141 3346 variantium
1170 3289 1251 3362 quod

118 3407 250 3476 spectat,
283 3401 399 3458 animus
432 3398 549 3473 quidam
581 3398 637 3457 fuit
668 3398 753 3456 nobis
786 3415 887 3457 omnes
921 3398 1039 3456 omnino
1071 3397 1250 3457 differentias

117 3508 343 3581 wscribendi,
366 3509 401 3566 iis
423 3509 590 3572 dumtaxat,
599 3508 737 3584 exceptis,
753 3525 831 3582 quae
844 3508 1089 3584 interpunctionis
1104 3517 1133 3566 et
1147 3509 1249 3567 ortho-

89 3673 96 3679 ,
117 3615 264 3694 graphiae
285 3618 356 3676 vitio
377 3619 408 3676 in
429 3625 531 3696 aperto
552 3618 744 3694 manuscripti
764 3618 869 3695 mendo
891 3619 1042 3675 cubarent.
1077 3616 1113 3675 Id
1135 3617 1249 3674 consilii

116 3744 327 3804 coeperamus,
356 3728 414 3787 rati
439 3729 566 3805 primum
590 3746 650 3786 non
676 3728 761 3785 adeo
775 3726 941 3800 frequentia
965 3726 1029 3784 iore
1048 3725 1079 3783 in
1101 3724 1249 3784 conditivo

116 3835 224 3896 codice
243 3838 365 3896 menda:
388 3838 597 3913 gnari-deinde
618 3837 747 3896 accidere
767 3855 828 3894 non
847 3855 927 3908 raro,
950 3843 984 3894 ut
997 3836 1028 3892 in
1042 3835 1248 3914 depravatissi-

117 3946 182 4004 mis
207 3947 383 4021 quibusdam
407 3948 479 4006 locis
504 3965 593 4005 verae
619 3946 821 4022 genuinasque
848 3946 982 4008 lectionis
1002 3947 1082 4004 haud
1102 3945 1172 4004 alibi
1194 3946 1247 4003 de·

116 4065 220 4116 tectae
240 4057 364 4134 vestigia
383 4058 581 4118 inveniantur.
605 4056 654 4114 Ab
668 4057 725 4114 hoc
737 4062 837 4114 tamen
852 4054 983 4126 consilio,
1002 4055 1080 4130 quod
1094 4055 1125 4113 in
1137 4055 1245 4132 priori-
1304 4065 1309 4071 ’

117 4167 182 4225 bus
204 4165 285 4226 libris
307 4171 399 4231 secuti
419 4167 578 4239 fueramus,
600 4166 794 4226 recedendum
816 4173 921 4242 postea
942 4166 1107 4225 censuimus
1121 4167 1153 4224 in
1173 4165 1245 4223 locis
